@comment{
  Entries currently used in book.
  Special characters *MUST* use LaTeX escapes, because BibTeX doesn't handle UTF-8 properly.
}

@comment{AAA}

@book{Abba2012,
  author = {Janet Abbate},
  title = {Recoding Gender: Women's Changing Participation in Computing},
  year = {2012},
  publisher = {{MIT} Press},
  isbn = {9780262534536},
  link = {https://isbndb.com/book/9780262534536},
  note = {Describe las carreras y logros de las mujeres que dieron forma a la historia temprana de la informática, pero que con demasiada frecuencia se han eliminado de esa historia.}
}

@misc{Abel2009,
  author = {Andrew Abela},
  title = {Chart Suggestions - A Thought Starter},
  year = {2009},
  howpublished = {\url{http://extremepresentation.typepad.com/files/choosing-a-good-chart-09.pdf}},
  local = {abela-2009-choosing-good-chart.pdf},
  note = {Un árbol de decisión visual para elegir el tipo correcto de gráfico.}
}

@book{Adam1975,
  author = {Frank Adams and Myles Horton},
  title = {Unearthing Seeds of Fire: The Idea of Highlander},
  year = {1975},
  publisher = {Blair},
  isbn = {0895870193},
  link = {https://isbndb.com/book/0895870193},
  note = {Una historia del Centro de Investigación y Educación Highlander, anteriormente conocido como \emph{Highlander Folk School} y su fundador, Myles Horton.}
}

@article{Aike1975,
  author = {Edwin G. Aiken and Gary S. Thomas and William A. Shennum},
  title = {Memory for a Lecture: Effects of Notes, Lecture Rate, and Informational Density},
  journal = {Journal of Educational Psychology},
  volume = {67},
  number = {3},
  pages = {439--444},
  year = {1975},
  publisher = {American Psychological Association ({APA})},
  doi = {10.1037/h0076613},
  link = {https://doi.org/10.1037/h0076613},
  local = {aiken-1975-note-taking.pdf},
  note = {Un primer estudio de referencia que muestra que tomar notas mejora la retención del conocimiento.}
}

@inproceedings{Aiva2016,
  author = {Efthimia Aivaloglou and Felienne Hermans},
  title = {How Kids Code and How We Know},
  booktitle = {2016 International Computing Education Research Conference ({ICER'16})},
  year = {2016},
  publisher = {Association for Computing Machinery ({ACM})},
  doi = {10.1145/2960310.2960325},
  link = {https://doi.org/10.1145/2960310.2960325},
  local = {aivaloglou-2016-how-kids-code.pdf},
  note = {Presenta un análisis de 250.000 proyectos de Scratch.}
}

@book{Alin1989,
  author = {Saul D. Alinsky},
  title = {Rules for Radicals: A Practical Primer for Realistic Radicals},
  year = {1989},
  publisher = {Vintage},
  isbn = {0679721134},
  link = {https://isbndb.com/book/0679721134},
  note = {Una guía ampliamente leída sobre la organización comunitaria escrita por uno de los grandes organizadores del siglo XX.}
}

@inproceedings{Alqa2017,
  author = {Basma S. Alqadi and Jonathan I. Maletic},
  title = {An Empirical Study of Debugging Patterns Among Novice Programmers},
  booktitle = {2017 Technical Symposium on Computer Science Education ({SIGCSE'17})},
  year = {2017},
  publisher = {Association for Computing Machinery ({ACM})},
  doi = {10.1145/3017680.3017761},
  link = {https://doi.org/10.1145/3017680.3017761},
  local = {alqadi-2017-novice-debugging.pdf},
  note = {Informa patrones en las actividades de depuración y tasas de éxito de personas novatas en programación.}
}

@article{Alvi1999,
  author = {Jennifer Alvidrez and Rhona S. Weinstein},
  title = {Early Teacher Perceptions and Later Student Academic Achievement},
  journal = {Journal of Educational Psychology},
  volume = {91},
  number = {4},
  pages = {731--746},
  year = {1999},
  publisher = {American Psychological Association ({APA})},
  doi = {10.1037/0022-0663.91.4.731},
  link = {https://doi.org/10.1037/0022-0663.91.4.731},
  local = {alvidrez-1999-perceptions-achievement.pdf},
  note = {Un estudio influyente sobre los efectos de las percepciones de los/las docentes sobre los/las estudiantes en sus logros posteriores.}
}

@book{Ambr2010,
  author = {Susan A. Ambrose and Michael W. Bridges and Michele DiPietro and Marsha C. Lovett and Marie K. Norman},
  title = {How Learning Works: Seven Research-Based Principles for Smart Teaching},
  year = {2010},
  publisher = {Jossey-Bass},
  isbn = {0470484101},
  link = {https://isbndb.com/book/0470484101},
  note = {Resume lo que sabemos sobre educación y por qué creemos que es verdad, desde la psicología cognitiva hasta los factores sociales.}
}

@book{Ande2001,
  editor = {Lorin W. Anderson and David R. Krathwohl},
  title = {A Taxonomy for Learning, Teaching, And Assessing: A Revision of Bloom's Taxonomy of Educational Objectives},
  year = {2001},
  publisher = {Longman},
  isbn = {080131903X},
  note = {Una revisión ampliamente utilizada de la taxonomía de Bloom.}
}

@article{Armo2008,
  author = {Michal Armoni and David Ginat},
  title = {Reversing: A Fundamental Idea in Computer Science},
  journal = {Computer Science Education},
  volume = {18},
  number = {3},
  pages = {213--230},
  year = {2008},
  month = {9},
  publisher = {Informa {UK} Limited},
  doi = {10.1080/08993400802332670},
  link = {https://doi.org/10.1080/08993400802332670},
  local = {armoni-2008-reversing.pdf},
  note = {Sostiene que la noción de revertir las cosas es un concepto fundamental no reconocido en la educación informática.}
}

@article{Atki2000,
  author = {Robert K. Atkinson and Sharon J. Derry and Alexander Renkl and Donald Wortham},
  title = {Learning from Examples: Instructional Principles from the Worked Examples Research},
  journal = {Review of Educational Research},
  volume = {70},
  number = {2},
  pages = {181--214},
  year = {2000},
  month = {6},
  publisher = {American Educational Research Association ({AERA})},
  doi = {10.3102/00346543070002181},
  link = {https://doi.org/10.3102/00346543070002181},
  local = {atkinson-2000-learning-examples.pdf},
  note = {Un relevamiento completo de la investigación de ejemplos resueltos hasta ese momento.}
}

@book{Auro2019,
  author = {Valerie Aurora and Mary Gardiner},
  title = {How to Respond to Code of Conduct Reports},
  publisher = {Frame Shift Consulting LLC},
  edition = {Version 1.1},
  year = {2019},
  isbn = {978-1386922575},
  link = {https://files.frameshiftconsulting.com/books/cocguide.pdf},
  note = {Una breve guía práctica para hacer cumplir un Código de Conducta.}
}

@article{Avel2013,
  author = {Emma-Louise Aveling and Peter McCulloch and Mary Dixon-Woods},
  title = {A Qualitative Study Comparing Experiences of the Surgical Safety Checklist in Hospitals in High-Income and Low-Income Countries},
  journal = {{BMJ} Open},
  volume = {3},
  number = {8},
  year = {2013},
  month = {8},
  publisher = {BMJ},
  doi = {10.1136/bmjopen-2013-003039},
  link = {https://doi.org/10.1136/bmjopen-2013-003039},
  local = {aveling-2013-surgical-checklists.pdf},
  note = {Informa sobre la eficacia de las implementaciones de listas de verificación quirúrgicas en el Reino Unido y África.}
}

@comment{BBB}

@inproceedings{Bacc2013,
  author = {Alberto Bacchelli and Christian Bird},
  title = {Expectations, Outcomes, and Challenges of Modern Code Review},
  booktitle = {2013 International Conference on Software Engineering ({ICSE'13})},
  year = {2013},
  month = {5},
  local = {bacchelli-2013-code-review.pdf},
  note = {Un resumen del trabajo sobre revisión de código.}
}

@inproceedings{Bari2017,
  author = {Titus Barik and Justin Smith and Kevin Lubick and Elisabeth Holmes and Jing Feng and Emerson Murphy-Hill and Chris Parnin},
  title = {Do Developers Read Compiler Error Messages?},
  booktitle = {2017 International Conference on Software Engineering ({ICSE'17})},
  year = {2017},
  month = {5},
  publisher = {Institute of Electrical and Electronics Engineers ({IEEE})},
  doi = {10.1109/icse.2017.59},
  link = {https://doi.org/10.1109/icse.2017.59},
  local = {barik-2017-error-messages-eye-tracking.pdf},
  note = {Informa que los/las desarrolladores/as leen mensajes de error y que hacerlo es tan difícil como leer el código fuente: toma entre un 13 y un 25\% del tiempo total de la tarea.}
}

@inproceedings{Bark2014,
  author = {Lecia Barker and Christopher Lynnly Hovey and Leisa D. Thompson},
  title = {Results of a Large-Scale, Multi-Institutional Study of Undergraduate Retention in Computing},
  booktitle = {2014 Frontiers in Education Conference ({FIE'14})},
  year = {2014},
  month = {10},
  publisher = {Institute of Electrical and Electronics Engineers ({IEEE})},
  doi = {10.1109/fie.2014.7044267},
  link = {https://doi.org/10.1109/fie.2014.7044267},
  local = {barker-2014-retention-computing.pdf},
  note = {Reporta que las tareas significativas, la interacción del cuerpo docente con los/las estudiantes, la colaboración de los/las estudiantes en las tareas y (para los estudiantes varones) el ritmo y la carga de trabajo en relación con las expectativas impulsan la retención en las clases de computación, mientras que las interacciones con ayudantes o con sus pares en las actividades extracurriculares tienen poco impacto.}
}

@inproceedings{Bark2015,
  author = {Lecia Barker and Christopher Lynnly Hovey and Jane Gruning},
  title = {What Influences {CS} Faculty to Adopt Teaching Practices?},
  booktitle = {2015 Technical Symposium on Computer Science Education ({SIGCSE'15})},
  year = {2015},
  publisher = {Association for Computing Machinery ({ACM})},
  doi = {10.1145/2676723.2677282},
  link = {https://doi.org/10.1145/2676723.2677282},
  local = {barker-2015-practice-adoption.pdf},
  note = {Describe cómo los/las docentes de informática adoptan nuevas prácticas de enseñanza.}
}

@article{Basi1987,
  author = {Victor R. Basili and Richard W. Selby},
  title = {Comparing the Effectiveness of Software Testing Strategies},
  journal = {{IEEE} Transactions on Software Engineering},
  volume = {{SE}-13},
  number = {12},
  pages = {1278--1296},
  year = {1987},
  month = {12},
  publisher = {Institute of Electrical and Electronics Engineers ({IEEE})},
  doi = {10.1109/tse.1987.232881},
  link = {https://doi.org/10.1109/tse.1987.232881},
  local = {basili-1987-code-review.pdf},
  note = {Un primer e influyente resumen sobre la efectividad de la revisión del código.}
}

@inproceedings{Basu2015,
  author = {Soumya Basu and Albert Wu and Brian Hou and John DeNero},
  title = {Problems Before Solutions: Automated Problem Clarification at Scale},
  booktitle = {2015 Conference on Learning @ Scale ({L@S'15})},
  year = {2015},
  publisher = {Association for Computing Machinery ({ACM})},
  doi = {10.1145/2724660.2724679},
  link = {https://doi.org/10.1145/2724660.2724679},
  local = {basu-2015-problems-before-solutions.pdf},
  note = {Describe un sistema en el que los/las estudiantes tienen que desbloquear casos de prueba para su código respondiendo preguntas frecuentes y presenta datos que demuestran que esta práctica es efectiva.}
}

@inproceedings{Batt2018,
  author = {Lina Battestilli and Apeksha Awasthi and Yingjun Cao},
  title = {Two-Stage Programming Projects: Individual Work Followed by Peer Collaboration},
  booktitle = {2018 Technical Symposium on Computer Science Education ({SIGCSE'18})},
  year = {2018},
  publisher = {Association for Computing Machinery ({ACM})},
  doi = {10.1145/3159450.3159486},
  link = {https://doi.org/10.1145/3159450.3159486},
  local = {battestilli-2018-two-stage.pdf},
  note = {Informa que los resultados del aprendizaje mejoraron mediante proyectos de dos etapas en los que los/las estudiantes trabajan individualmente y luego vuelven a resolver el mismo problema en parejas.}
}

@article{Baue2015,
  author = {Mark S. Bauer and Laura Damschroder and Hildi Hagedorn and Jeffrey Smith and Amy M. Kilbourne},
  title = {An Introduction to Implementation Science for the Non-Specialist},
  journal = {{BMC} Psychology},
  volume = {3},
  number = {1},
  year = {2015},
  month = {9},
  publisher = {Springer Nature},
  doi = {10.1186/s40359-015-0089-9},
  link = {https://doi.org/10.1186/s40359-015-0089-9},
  local = {bauer-2015-implementation-science.pdf},
  note = {Explica qué es la ciencia de la implementación, utilizando ejemplos de la Administración de Veteranos de EE.UU. para ilustrarla.}
}

@article{Beck2013,
  author = {Leland Beck and Alexander Chizhik},
  title = {Cooperative Learning Instructional methods for {CS1}: Design, Implementation, and Evaluation},
  journal = {{ACM} Transactions on Computing Education},
  volume = {13},
  number = {3},
  pages = {10:1--10:21},
  year = {2013},
  month = {8},
  issn = {1946-6226},
  doi = {10.1145/2492686},
  link = {https://doi.acm.org/10.1145/2492686},
  local = {beck-2013-cs-coop-learning.pdf},
  note = {Informa que el aprendizaje cooperativo mejora los resultados del aprendizaje y la autoeficacia en CS1.}
}

@article{Beck2014,
  author = {Victoria Beck},
  title = {Testing a Model to Predict Online Cheating---Much Ado About Nothing},
  journal = {Active Learning in Higher Education},
  volume = {15},
  number = {1},
  pages = {65--75},
  year = {2014},
  month = {1},
  publisher = {{SAGE} Publications},
  doi = {10.1177/1469787413514646},
  link = {https://doi.org/10.1177/1469787413514646},
  local = {beck-2014-online-cheating.pdf},
  note = {Reporta que hacer trampa no es más probable en los cursos en línea que en los cursos presenciales.}
}

@article{Beck2016,
  author = {Brett A. Becker and Graham Glanville and Ricardo Iwashima and Claire McDonnell and Kyle Goslin and Catherine Mooney},
  title = {Effective Compiler Error Message Enhancement for Novice Programming Students},
  journal = {Computer Science Education},
  volume = {26},
  number = {2-3},
  pages = {148--175},
  year = {2016},
  month = {7},
  publisher = {Informa {UK} Limited},
  doi = {10.1080/08993408.2016.1225464},
  link = {https://doi.org/10.1080/08993408.2016.1225464},
  local = {becker-2016-error-message-enhancement.pdf},
  note = {Reporta que los mensajes de error mejorados ayudaron a las personas principiantes a aprender más rápido.}
}

@inproceedings{Beni2017,
  author = {Gal Beniamini and Sarah Gingichashvili and Alon Klein Orbach and Dror G. Feitelson},
  title = {Meaningful Identifier Names: The Case of Single-Letter Variables},
  booktitle = {2017 International Conference on Program Comprehension ({ICPC'17})},
  year = {2017},
  month = {5},
  publisher = {Institute of Electrical and Electronics Engineers ({IEEE})},
  doi = {10.1109/icpc.2017.18},
  link = {https://doi.org/10.1109/icpc.2017.18},
  local = {beniamini-2017-single-letter.pdf},
  note = {Informa que el uso de nombres de variables de una sola letra no afecta la capacidad de modificar el código y que algunos nombres de variables de una sola letra tienen tipos y significados implícitos.}
}

@article{Benn2007a,
  author = {Jens Bennedsen and Michael E. Caspersen},
  title = {Failure Rates in Introductory Programming},
  journal = {{ACM} {SIGCSE} Bulletin},
  volume = {39},
  number = {2},
  pages = {32},
  year = {2007},
  month = {6},
  publisher = {Association for Computing Machinery ({ACM})},
  doi = {10.1145/1272848.1272879},
  link = {https://doi.org/10.1145/1272848.1272879},
  local = {bennedsen-2007-failure-rates.pdf},
  note = {Informa que el 67\% de los/las estudiantes aprueba CS1, con una variación del 5\% al 100\%.}
}

@inproceedings{Benn2007b,
  author = {Jens Bennedsen and Carsten Schulte},
  title = {What Does ``Objects-first'' Mean?: An International Study of Teachers' Perceptions of Objects-first},
  booktitle = {2007 Koli Calling Conference on Computing Education Research ({Koli'07})},
  pages = {21--29},
  year = {2007},
  link = {http://dl.acm.org/citation.cfm?id=2449323.2449327},
  local = {bennedsen-2007-objects-first.pdf},
  note = {Descubre tres significados de ``objetos primero'' en la educación informática.}
}

@book{Benn2000,
  author = {Patricia Benner},
  title = {From Novice to Expert: Excellence and Power in Clinical Nursing Practice},
  year = {2000},
  publisher = {Pearson},
  isbn = {0130325228},
  link = {https://isbndb.com/book/0130325228},
  note = {Un estudio clásico del juicio clínico y el desarrollo de la experiencia.}
}

@book{Berg2012,
  author = {Joseph Bergin and Jane Chandler and Jutta Eckstein and Helen Sharp and Mary Lynn Manns and Klaus Marquardt and Marianna Sipos and Markus Völter and Eugene Wallingford},
  title = {Pedagogical Patterns: Advice for Educators},
  year = {2012},
  publisher = {CreateSpace},
  isbn = {9781479171828},
  link = {https://isbndb.com/book/9781479171828},
  note = {Un catálogo de patrones de diseño para la docencia.}
}

@article{Biel1995,
  author = {Katerine Bielaczyc and Peter L. Pirolli and Ann L. Brown},
  title = {Training in Self-Explanation and Self-Regulation Strategies: Investigating the Effects of Knowledge Acquisition Activities on Problem Solving},
  journal = {Cognition and Instruction},
  volume = {13},
  number = {2},
  pages = {221--252},
  year = {1995},
  month = {6},
  publisher = {Informa {UK} Limited},
  doi = {10.1207/s1532690xci1302_3},
  link = {https://doi.org/10.1207/s1532690xci1302_3},
  local = {bielaczyc-1995-self-explanation.pdf},
  note = {Informa que la formación de los/las estudiantes en la autoexplicación acelera su aprendizaje.}
}

@book{Bigg2011,
  author = {John Biggs and Catherine Tang},
  title = {Teaching for Quality Learning at University},
  year = {2011},
  publisher = {Open University Press},
  isbn = {0335242758},
  link = {https://isbndb.com/book/0335242758},
  note = {Una guía paso a paso para el desarrollo, la enseñanza y la evaluación de lecciones para personas que trabajan en la educación superior.}
}

@article{Bink2012,
  author = {Dave Binkley and Marcia Davis and Dawn Lawrie and Jonathan I. Maletic and Christopher Morrell and Bonita Sharif},
  title = {The Impact of Identifier Style on Effort and Comprehension},
  journal = {Empirical Software Engineering},
  volume = {18},
  number = {2},
  pages = {219--276},
  year = {2012},
  month = {5},
  publisher = {Springer Nature},
  doi = {10.1007/s10664-012-9201-4},
  link = {https://doi.org/10.1007/s10664-012-9201-4},
  local = {binkley-2012-identifier-style-effort-comprehension.pdf},
  note = {Reporta que leer y comprender código es fundamentalmente diferente de leer prosa y que los/las desarrolladores/as con experiencia no se ven relativamente afectados/as por el estilo del identificador, pero las personas principiantes se benefician del uso del Camel case (frente al pothole case).}
}

@article{Blik2014,
  author = {Paulo Blikstein and Marcelo Worsley and Chris Piech and Mehran Sahami and Steven Cooper and Daphne Koller},
  title = {Programming Pluralism: Using Learning Analytics to Detect Patterns in the Learning of Computer Programming},
  journal = {Journal of the Learning Sciences},
  volume = {23},
  number = {4},
  pages = {561--599},
  year = {2014},
  month = {10},
  publisher = {Informa {UK} Limited},
  doi = {10.1080/10508406.2014.954750},
  link = {https://doi.org/10.1080/10508406.2014.954750},
  local = {blikstein-2014-programming-pluralism.pdf},
  note = {Reporte de un intento de categorizar el comportamiento de una persona novata en programación mediante el uso de aprendizaje automático, que encontró patrones interesantes en las tareas individuales.}
}

@article{Bloo1984,
  author = {Benjamin S. Bloom},
  title = {The 2 Sigma Problem: The Search for Methods of Group Instruction as Effective as One-to-One Tutoring},
  journal = {Educational Researcher},
  volume = {13},
  number = {6},
  pages = {4--16},
  year = {1984},
  month = {6},
  doi = {10.3102/0013189x013006004},
  link = {https://doi.org/10.3102/0013189x013006004},
  local = {bloom-1984-two-sigma.pdf},
  note = {Informa que los/las estudiantes que recibieron tutoría individual usando técnicas de dominio de aprendizaje aprenden mejor por dos desviaciones estándar que quienes aprendieron a través de una clase convencional.}
}

@book{Boll2014,
  author = {David Bollier},
  title = {Think Like a Commoner: A Short Introduction to the Life of the Commons},
  year = {2014},
  publisher = {New Society Publishers},
  isbn = {0865717680},
  link = {https://isbndb.com/book/0865717680},
  note = {Una breve introducción a un modelo de gobernanza ampliamente utilizado.}
}

@article{Boha2011,
  author = {Mark Bohay and Daniel P. Blakely and Andrea K. Tamplin and Gabriel A. Radvansky},
  title = {Note Taking, Review, Memory, and Comprehension},
  journal = {American Journal of Psychology},
  volume = {124},
  number = {1},
  pages = {63},
  year = {2011},
  publisher = {University of Illinois Press},
  doi = {10.5406/amerjpsyc.124.1.0063},
  link = {https://doi.org/10.5406/amerjpsyc.124.1.0063},
  local = {bohay-2011-note-taking.pdf},
  note = {Informa que tomar notas mejora la retención en niveles más profundos de comprensión.}
}

@article{Borr2014,
  author = {Maura Borrego and Charles Henderson},
  title = {Increasing the Use of Evidence-Based Teaching in {STEM} Higher Education: A Comparison of Eight Change Strategies},
  journal = {Journal of Engineering Education},
  volume = {103},
  number = {2},
  pages = {220--252},
  year = {2014},
  month = {4},
  publisher = {Wiley-Blackwell},
  doi = {10.1002/jee.20040},
  link = {https://doi.org/10.1002/jee.20040},
  local = {borrego-2014-henderson-change-strategies.pdf},
  note = {Categoriza diferentes enfoques para lograr cambios en la educación superior.}
}

@inproceedings{Bria2015,
  author = {Samuel A. Brian and Richard N. Thomas and James M. Hogan and Colin Fidge},
  title = {Planting Bugs: A System for Testing Students' Unit Tests},
  booktitle = {2015 Conference on Innovation and Technology in Computer Science Education ({ITiCSE'15})},
  year = {2015},
  publisher = {Association for Computing Machinery ({ACM})},
  doi = {10.1145/2729094.2742631},
  link = {https://doi.org/10.1145/2729094.2742631},
  local = {brian-2015-planting-bugs.pdf},
  note = {Describe una herramienta para evaluar los programas de los/las estudiantes y las pruebas unitarias, y descubre que los/las estudiantes a menudo escriben pruebas débiles y no entienden el papel de las pruebas unitarias.}
}

@book{Broo2016,
  author = {Stephen D. Brookfield and Stephen Preskill},
  title = {The Discussion Book: 50 Great Ways to Get People Talking},
  year = {2016},
  publisher = {Jossey-Bass},
  isbn = {9781119049715},
  link = {https://isbndb.com/book/9781119049715},
  note = {Describe cincuenta formas diferentes de lograr que los grupos hablen de manera productiva.}
}

@article{Brop1983,
  author = {Jere E. Brophy},
  title = {Research on the Self-Fulfilling Prophecy and Teacher Expectations},
  journal = {Journal of Educational Psychology},
  volume = {75},
  number = {5},
  pages = {631--661},
  year = {1983},
  publisher = {American Psychological Association ({APA})},
  doi = {10.1037/0022-0663.75.5.631},
  link = {https://doi.org/10.1037/0022-0663.75.5.631},
  local = {brophy-1983-self-fulfilling-prophecy.pdf},
  note = {Un estudio inicial e influyente de los efectos de las percepciones de los/las docentes sobre los logros de los/las estudiantes.}
}

@book{Brow2007,
  author = {Michael Jacoby Brown},
  title = {Building Powerful Community Organizations: A Personal Guide to Creating Groups that Can Solve Problems and Change the World},
  year = {2007},
  publisher = {Long Haul Press},
  isbn = {0977151808},
  link = {https://isbndb.com/book/0977151808},
  note = {Una guía práctica para crear organizaciones eficaces en y para las comunidades.}
}

@article{Brow2017,
  author = {Neil C. C. Brown and Amjad Altadmri},
  title = {Novice Java Programming Mistakes},
  journal = {{ACM} Transactions on Computing Education},
  volume = {17},
  number = {2},
  year  = {2017},
  month = {5},
  publisher = {Association for Computing Machinery ({ACM})},
  doi = {10.1145/2994154},
  link = {https://doi.org/10.1145/2994154},
  local = {brown-2017-novice-mistakes.pdf},
  note = {Resume el análisis de los autores de errores de programación para principiantes.}
}

@article{Brow2018,
  author = {Neil C. C. Brown and Greg Wilson},
  title = {Ten Quick Tips for Teaching Programming},
  journal = {{PLoS} Computational Biology},
  volume = {14},
  number = {4},
  year = {2018},
  month = {4},
  publisher = {Public Library of Science ({PLoS})},
  doi = {10.1371/journal.pcbi.1006023},
  link = {https://doi.org/10.1371/journal.pcbi.1006023},
  local = {brown-2018-teaching-tips.pdf},
  note = {Un breve resumen de lo que realmente sabemos sobre la enseñanza de la programación y por qué creemos que es cierto.}
}

@inproceedings{Buff2015,
  author = {Kevin Buffardi and Stephen H. Edwards},
  title = {Reconsidering Automated Feedback: A Test-Driven Approach},
  booktitle = {2015 Technical Symposium on Computer Science Education ({SIGCSE'15})},
  year = {2015},
  publisher = {Association for Computing Machinery ({ACM})},
  doi = {10.1145/2676723.2677313},
  link = {https://doi.org/10.1145/2676723.2677313},
  local = {buffardi-2015-reconsidering-automated-feedback.pdf},
  note = {Describe un sistema que asocia las pruebas fallidas con características particulares en el código de un/a estudiante para que los/las estudiantes no puedan jugar con el sistema.}
}

@book{Burg2015,
  author = {Sheryl  E. Burgstahler},
  title = {Universal Design in Higher Education: From Principles to Practice},
  edition = {Second},
  year = {2015},
  publisher = {Harvard Education Press},
  isbn = {9781612508160},
  link = {https://isbndb.com/book/9781612508160},
  note = {Describe cómo hacer que los materiales didácticos en línea sean accesibles para todas las personas.}
}

@inproceedings{Burk2018,
  author = {Quinn Burke and Cinamon Bailey and Louise Ann Lyon and Emily Greeen},
  title = {Understanding the Software Development Industry's Perspective on Coding Boot Camps Versus Traditional 4-Year Colleges},
  booktitle = {2018 Technical Symposium on Computer Science Education ({SIGCSE'18})},
  year = {2018},
  publisher = {Association for Computing Machinery ({ACM})},
  doi = {10.1145/3159450.3159485},
  link = {https://doi.org/10.1145/3159450.3159485},
  local = {burke-2018-industry-bootcamp-perspective.pdf},
  note = {Compara las habilidades y credenciales que buscan los/las reclutadores/as de la industria de la tecnología con las que brindan las carrera de grado de cuatro años y los campamentos de entrenamiento.}
}

@inproceedings{Butl2017,
  author = {Zack Butler and Ivona Bezakova and Kimberly Fluet},
  title = {Pencil Puzzles for Introductory Computer Science},
  booktitle = {2017 Technical Symposium on Computer Science Education ({SIGCSE'17})},
  year = {2017},
  publisher = {Association for Computing Machinery ({ACM})},
  doi = {10.1145/3017680.3017765},
  link = {https://doi.org/10.1145/3017680.3017765},
  local = {butler-2017-pencil-puzzles.pdf},
  note = {Describe acertijos de lápiz y papel que se pueden convertir en tareas de CS1/CS2, e informa que los/las estudiantes disfrutan de estos ejercicios y que fomentan la metacognición.}
}

@inproceedings{Byck2005,
  author = {Pauli Byckling and Petri Gerdt and Jorma Sajaniemi},
  title = {Roles of Variables in Object-Oriented Programming},
  booktitle = {2005 Conference on Object-Oriented Programming, Systems, Languages, and Applications ({OOPSLA'05})},
  year = {2005},
  publisher = {Association for Computing Machinery ({ACM})},
  doi = {10.1145/1094855.1094972},
  link = {https://doi.org/10.1145/1094855.1094972},
  local = {byckling-2005-variable-roles-oop.pdf},
  note = {Presenta patrones de diseño de una sola variable comunes en programas de principiantes.}
}

@comment{CCC}

@inproceedings{Camp2016,
  author = {Jennifer Campbell and Diane Horton and Michelle Craig},
  title = {Factors for Success in Online {CS1}},
  booktitle = {2016 Conference on Innovation and Technology in Computer Science Education ({ITiCSE'16})},
  year = {2016},
  publisher = {Association for Computing Machinery ({ACM})},
  doi = {10.1145/2899415.2899457},
  link = {https://doi.org/10.1145/2899415.2899457},
  local = {campbell-2016-online-cs1-success.pdf},
  note = {Compara a estudiantes que optaron por una clase de CS1 en línea con quienes la tomaron en persona en un aula invertida.}
}

@article{Carr1987,
  author = {John Carroll and Penny Smith-Kerker and James Ford and Sandra Mazur-Rimetz},
  title = {The Minimal Manual},
  journal = {Human-Computer Interaction},
  volume = {3},
  number = {2},
  pages = {123--153},
  year = {1987},
  month = {6},
  publisher = {Informa {UK} Limited},
  doi = {10.1207/s15327051hci0302_2},
  link = {https://doi.org/10.1207/s15327051hci0302_2},
  local = {carroll-1987-minimal-manual.pdf},
  note = {El artículo fundacional sobre la instrucción minimalista.}
}

@article{Carr2014,
  author = {John Carroll},
  title = {Creating Minimalist Instruction},
  journal = {International Journal of Designs for Learning},
  volume = {5},
  number = {2},
  year = {2014},
  month = {11},
  publisher = {IUScholarWorks},
  doi = {10.14434/ijdl.v5i2.12887},
  link = {https://doi.org/10.14434/ijdl.v5i2.12887},
  local = {carroll-2014-creating-minimalist.pdf},
  note = {Una mirada retrospectiva al trabajo del autor sobre la instrucción minimalista.}
}

@inproceedings{Cart2017,
  author = {Adam Scott Carter and Christopher David Hundhausen},
  title = {Using Programming Process Data to Detect Differences in Students' Patterns of Programming},
  booktitle = {2017 Technical Symposium on Computer Science Education ({SIGCSE'17})},
  year = {2017},
  publisher = {Association for Computing Machinery ({ACM})},
  doi = {10.1145/3017680.3017785},
  link = {https://doi.org/10.1145/3017680.3017785},
  local = {carter-2017-novice-programming-process.pdf},
  note = {Muestra que los/las estudiantes de diferentes niveles abordan las tareas de programación de manera diferente y que estas diferencias se pueden detectar automáticamente.}
}

@inproceedings{Casp2007,
  author = {Michael E. Caspersen and Jens Bennedsen},
  title = {Instructional Design of a Programming Course},
  booktitle = {2007 International Computing Education Research Conference ({ICER'07})},
  year = {2007},
  publisher = {Association for Computing Machinery ({ACM})},
  doi = {10.1145/1288580.1288595},
  link = {https://doi.org/10.1145/1288580.1288595},
  local = {caspersen-2007-instructional-design.pdf},
  note = {Pasa de un modelo de cognición humana a tres teorías de aprendizaje, y de ahí al diseño de un curso introductorio de programación orientada a objetos.}
}

@inproceedings{Cele2018,
  author = {Mehmet Celepkolu and Kristy Elizabeth Boyer},
  title = {Thematic Analysis of Students' Reflections on Pair Programming in {CS1}},
  booktitle = {2018 Technical Symposium on Computer Science Education ({SIGCSE'18})},
  year = {2018},
  publisher = {Association for Computing Machinery ({ACM})},
  doi = {10.1145/3159450.3159516},
  link = {https://doi.org/10.1145/3159450.3159516},
  local = {celepkolu-2018-pair-programming.pdf},
  note = {Informa que la programación en parejas tiene las mismas ganancias de aprendizaje que la programación en paralelo, pero una mayor satisfacción de los/las estudiantes.}
}

@article{Ceti2016,
  author = {Ibrahim Cetin and Christine Andrews-Larson},
  title = {Learning Sorting Algorithms Through Visualization Construction},
  journal = {Computer Science Education},
  volume = {26},
  number = {1},
  pages = {27--43},
  year = {2016},
  month = {1},
  publisher = {Informa {UK} Limited},
  doi = {10.1080/08993408.2016.1160664},
  link = {https://doi.org/10.1080/08993408.2016.1160664},
  local = {cetin-2016-visualization-construction.pdf},
  note = {Informa que la gente aprende más al construir visualizaciones de algoritmos que al ver visualizaciones construidas por otras personas.}
}

@inproceedings{Chen2009,
  author = {Nicholas Chen and Maurice Rabb},
  title = {A Pattern Language for Screencasting},
  booktitle = {2009 Conference on Pattern Languages of Programs ({PLoP'09})},
  year = {2009},
  publisher = {Association for Computing Machinery ({ACM})},
  doi = {10.1145/1943226.1943234},
  link = {https://doi.org/10.1145/1943226.1943234},
  local = {chen-2009-pattern-language-screencasting.pdf},
  note = {Una colección breve y bien organizada de consejos para hacer grabación de pantalla.}
}

@inproceedings{Chen2017,
  author = {Nick Cheng and Brian Harrington},
  title = {The Code Mangler: Evaluating Coding Ability Without Writing Any Code},
  booktitle = {2017 Technical Symposium on Computer Science Education ({SIGCSE'17})},
  year = {2017},
  publisher = {Association for Computing Machinery ({ACM})},
  doi = {10.1145/3017680.3017704},
  link = {https://doi.org/10.1145/3017680.3017704},
  local = {cheng-2017-code-mangler.pdf},
  note = {Informa que el rendimiento de los/las estudiantes en los ejercicios en los que deshacen manipulación de código se correlaciona fuertemente con el rendimiento en las evaluaciones tradicionales.}
}

@article{Chen2018,
  author = {Chen Chen and Paulina Haduong and Karen Brennan and Gerhard Sonnert and Philip Sadler},
  title = {The effects of first programming language on college students' computing attitude and achievement: a comparison of graphical and textual languages},
  journal = {Computer Science Education},
  month = {11},
  year = {2018},
  volume = {29},
  number = {1},
  pages = {23--48},
  publisher = {Informa {UK} Limited},
  doi = {10.1080/08993408.2018.1547564},
  url = {https://doi.org/10.1080/08993408.2018.1547564},
  local = {chen-2018-graphical-textual.pdf},
  note = {Encuentra que los/las estudiantes cuyo primer lenguaje fue el gráfico obtuvieron calificaciones más altas que los/las estudiantes cuyo primer lenguaje fue textual cuando se introdujeron esos idiomas en la adolescencia o antes.}
}

@inproceedings{Cher2007,
  author = {Mauro Cherubini and Gina Venolia and Rob DeLine and Amy J. Ko},
  title = {Let's Go to the Whiteboard: How and Why Software Developers Use Drawings},
  booktitle = {2007 Conference on Human Factors in Computing Systems ({CHI'07})},
  year = {2007},
  publisher = {Association for Computing Machinery ({ACM})},
  doi = {10.1145/1240624.1240714},
  link = {https://doi.org/10.1145/1240624.1240714},
  local = {cherubini-2007-whiteboard.pdf},
  note = {Informa que los/las desarrolladores/as dibujan diagramas para ayudarse en la discusión en lugar de documentar los diseños.}
}

@article{Cher2009,
  author = {Sapna Cheryan and Victoria C. Plaut and Paul G. Davies and Claude M. Steele},
  title = {Ambient Belonging: How Stereotypical Cues Impact Gender Participation in Computer Science},
  journal = {Journal of Personality and Social Psychology},
  volume = {97},
  number = {6},
  pages = {1045--1060},
  year = {2009},
  publisher = {American Psychological Association ({APA})},
  doi = {10.1037/a0016239},
  link = {https://doi.org/10.1037/a0016239},
  local = {cheryan-2009-ambient-belonging.pdf},
  note = {Informa que pistas ambientales sutiles tienen un impacto medible en el interés que las personas de diferentes géneros tienen en la informática.}
}

@article{Chet2014,
  author = {Raj Chetty and John N. Friedman and Jonah E. Rockoff},
  title = {Measuring the Impacts of Teachers {II}: Teacher Value-Added and Student Outcomes in Adulthood},
  journal = {American Economic Review},
  volume = {104},
  number = {9},
  pages = {2633--2679},
  year = {2014},
  month = {9},
  publisher = {American Economic Association ({AEA})},
  doi = {10.1257/aer.104.9.2633},
  link = {https://doi.org/10.1257/aer.104.9.2633},
  local = {chetty-2014-teacher-impact.pdf},
  note = {Informa que los/las buenos/as docentes tienen un impacto pequeño pero medible en los resultados de los/las estudiantes.}
}

@article{Chi1989,
  author = {Michelene T. H. Chi and Miriam Bassok and Matthew W. Lewis and Peter Reimann and Robert Glaser},
  title = {Self-Explanations: How Students Study and Use Examples in Learning to Solve Problems},
  journal = {Cognitive Science},
  volume = {13},
  number = {2},
  pages = {145--182},
  year = {1989},
  month = {4},
  publisher = {Wiley-Blackwell},
  doi = {10.1207/s15516709cog1302_1},
  link = {https://doi.org/10.1207/s15516709cog1302_1},
  local = {chi-1989-self-explanations.pdf},
  note = {Un artículo fundacional sobre el poder de la autoexplicación.}
}

@misc{Coco2018,
  author = {Center for Community Organizations},
  title = {The ``Problem'' Woman of Colour in the Workplace},
  year = {2018},
  howpublished = {\url{https://coco-net.org/problem-woman-colour-nonprofit-organizations/}},
  local = {coco-2018-woc-in-organization.pdf},
  note = {Describe la experiencia de muchas mujeres de color en su lugar de trabajo.}
}

@article{Coll1991,
  author = {Allan Collins and John Seely Brown and Ann Holum},
  title = {Cognitive Apprenticeship: Making Thinking Visible},
  journal = {American Educator},
  volume = {6},
  pages = {38--46},
  year = {1991},
  local = {collins-1991-cognitive-apprenticeship.pdf},
  note = {Describe un modelo educativo basado en la noción de aprendizaje y orientación maestra.}
}

@book{Coom2012,
  author = {Norman Coombs},
  title = {Making Online Teaching Accessible},
  year = {2012},
  publisher = {Jossey-Bass},
  isbn = {9781458725288},
  link = {https://isbndb.com/book/9781458725288},
  note = {Una guía accesible para hacer accesibles las lecciones en línea.}
}

@book{Covi2017,
  author = {Martin V. Covington and Linda M. {von Hoene} and Dominic J. Voge},
  title = {Life Beyond Grades: Designing College Courses to Promote Intrinsic Motivation},
  year = {2017},
  publisher = {Cambridge University Press},
  isbn = {9780521805230},
  link = {https://isbndb.com/book/9780521805230},
  note = {Explora formas de equilibrar la motivación intrínseca y extrínseca en la educación institucional.}
}

@book{Craw2010,
  author = {Matthew B. Crawford},
  title = {Shop Class as Soulcraft: An Inquiry into the Value of Work},
  year = {2010},
  publisher = {Penguin},
  isbn = {9780143117469},
  link = {https://isbndb.com/book/9780143117469},
  note = {Un análisis profundo de lo que aprendemos sobre nosotros/as mismos/as al realizar determinados tipos de trabajo.}
}

@article{Crou2001,
  author = {Catherine H. Crouch and Eric Mazur},
  title = {Peer Instruction: Ten Years of Experience and Results},
  journal = {American Journal of Physics},
  volume = {69},
  number = {9},
  pages = {970--977},
  year = {2001},
  month = {9},
  publisher = {American Association of Physics Teachers ({AAPT})},
  doi = {10.1119/1.1374249},
  link = {https://doi.org/10.1119/1.1374249},
  local = {crouch-2001-peer-instruction-ten-years.pdf},
  note = {Informa los resultados de los primeros diez años de instrucción entre pares en las clases de física de pregrado y describe las formas en que su implementación cambió durante ese tiempo.}
}

@book{Csik2008,
  author = {Mihaly Csikszentmihaly},
  title = {Flow: The Psychology of Optimal Experience},
  year = {2008},
  publisher = {Harper},
  isbn = {978-0061339202},
  link = {https://isbndb.com/book/0061339202},
  note = {Una discusión influyente sobre lo que significa estar completamente inmerso/a en una tarea.}
}

@inproceedings{Cunn2017,
  author = {Kathryn Cunningham and Sarah Blanchard and Barbara J. Ericson and Mark Guzdial},
  title = {Using Tracing and Sketching to Solve Programming Problems},
  booktitle = {2017 Conference on International Computing Education Research ({ICER'17})},
  year = {2017},
  publisher = {Association for Computing Machinery ({ACM})},
  doi = {10.1145/3105726.3106190},
  link = {https://doi.org/10.1145/3105726.3106190},
  local = {cunningham-2017-sketching.pdf},
  note = {Descubre que escribir nuevos valores cerca de los nombres de las variables a medida que cambian es la técnica de rastreo más efectiva.}
}

@inproceedings{Cutt2017,
  author = {Quintin Cutts and Charles Riedesel and Elizabeth Patitsas and Elizabeth Cole and Peter Donaldson and Bedour Alshaigy and Mirela Gutica and Arto Hellas and Edurne Larraza-Mendiluze and Robert McCartney},
  title = {Early Developmental Activities and Computing Proficiency},
  booktitle = {2017 Conference on Innovation and Technology in Computer Science Education ({ITiCSE'17})},
  year = {2017},
  publisher = {Association for Computing Machinery ({ACM})},
  doi = {10.1145/3174781.3174789},
  link = {https://doi.org/10.1145/3174781.3174789},
  local = {cutts-2017-early-development.pdf},
  note = {Se encuestó a personas adultas usuarias de computadoras sobre las actividades de su infancia y se encontró una fuerte correlación entre la confianza y el uso de la computadora basado en poder leer por su cuenta y a jugar con juguetes de construcción sin partes móviles (como los Lego).}
}

@comment{DDD}

@inproceedings{Dage2010,
  author = {Barthélémy Dagenais and Harold Ossher and Rachel K. E. Bellamy and Martin P. Robillard and Jacqueline P. de Vries},
  title = {Moving Into a New Software Project Landscape},
  booktitle = {2010 International Conference on Software Engineering ({ICSE'10})},
  year = {2010},
  publisher = {{ACM} Press},
  doi = {10.1145/1806799.1806842},
  note = {Una mirada a cómo las personas se mueven de un proyecto o dominio a otro.}
}

@inproceedings{Dahl2018,
  author = {Sarah Dahlby Albright and Titus H. Klinge and Samuel A. Rebelsky},
  title = {A Functional Approach to Data Science in {CS1}},
  booktitle = {2018 Technical Symposium on Computer Science Education ({SIGCSE'18})},
  year = {2018},
  publisher = {Association for Computing Machinery ({ACM})},
  doi = {10.1145/3159450.3159550},
  link = {https://doi.org/10.1145/3159450.3159550},
  local = {dahlbyalbright-2018-cs1-data-science.pdf},
  note = {Describe el diseño de una clase CS1 basada en la ciencia de datos.}
}

@inproceedings{Deb2018,
  author = {Debzani Deb and Muztaba Fuad and James Etim and Clay Gloster},
  title = {{MRS}: Automated Assessment of Interactive Classroom Exercises},
  booktitle = {2018 Technical Symposium on Computer Science Education ({SIGCSE'18})},
  year = {2018},
  publisher = {Association for Computing Machinery ({ACM})},
  doi = {10.1145/3159450.3159607},
  link = {https://doi.org/10.1145/3159450.3159607},
  local = {deb-2018-automated-assessment.pdf},
  note = {Reporta que hacer ejercicios en clase con comentarios en tiempo real utilizando dispositivos móviles mejoró la retención de conceptos y la participación de los/las estudiantes al tiempo que redujo las tasas de falla.}
}

@book{DeBr2015,
  author = {Pedro De Bruyckere and Paul A. Kirschner and Casper D. Hulshof},
  title = {Urban Myths about Learning and Education},
  year = {2015},
  publisher = {Academic Press},
  isbn = {9780128015377},
  link = {https://isbndb.com/book/9780128015377},
  note = {Describe y desacredita algunos mitos generalizados sobre cómo aprenden las personas.}
}

@inproceedings{Denn2019,
  author = {Paul Denny and Brett A. Becker and Michelle Craig and Greg Wilson and Piotr Banaszkiewicz},
  title = {Research This! Questions that Computing Educators Most Want Computing Education Researchers to Answer},
  booktitle = {2019 Conference on International Computing Education Research ({ICER'19})},
  year = {2019},
  publisher = {Association for Computing Machinery ({ACM})},
  note = {Encontró poca superposición entre las preguntas que más interesan a los/las investigadores en educación informática y las preguntas que los/las profesionales quieren responder.}
}

@book{Derb2006,
  author = {Esther Derby and Diana Larsen},
  title = {Agile Retrospectives: Making Good Teams Great},
  year = {2006},
  publisher = {Pragmatic Bookshelf},
  isbn = {0977616649},
  link = {https://isbndb.com/book/0977616649},
  note = {Describe cómo ejecutar una buena revisión de proyectos.}
}

@article{Deve2018,
  author = {Gabriel A. Devenyi and Rémi Emonet and Rayna M. Harris and Kate L. Hertweck and Damien Irving and Ian Milligan and Greg Wilson},
  title = {Ten Simple Rules for Collaborative Lesson Development},
  journal = {{PLoS} Computational Biology},
  volume = {14},
  number = {3},
  month = {3},
  year = {2018},
  publisher = {Public Library of Science ({PLoS})},
  doi = {10.1371/journal.pcbi.1005963},
  note = {Describe cómo desarrollar lecciones juntos/as.}
}

@book{Dida2016,
  author = {David Didau and Nick Rose},
  title = {What Every Teacher Needs to Know About Psychology},
  year = {2016},
  publisher = {John Catt Educational},
  isbn = {1909717851},
  link = {https://isbndb.com/book/1909717851},
  note = {Una explicación informativa y opinada de lo que la psicología moderna tiene que decir sobre la enseñanza.}
}

@article{DiSa2014a,
  author = {Betsy DiSalvo and Mark Guzdial and Amy Bruckman and Tom McKlin},
  title = {Saving Face While Geeking Out: Video Game Testing as a Justification for Learning Computer Science},
  journal = {Journal of the Learning Sciences},
  volume = {23},
  number = {3},
  pages = {272--315},
  year = {2014},
  month = {7},
  publisher = {Informa {UK} Limited},
  doi = {10.1080/10508406.2014.893434},
  link = {https://doi.org/10.1080/10508406.2014.893434},
  local = {disalvo-2014-video-game-testing.pdf},
  note = {Encontró que el 65\% de los hombres afroamericanos que participaron en un programa de prueba de juegos decidió estudiar informática.}
}

@inproceedings{DiSa2014b,
  author = {Betsy DiSalvo and Cecili Reid and Parisa Khanipour Roshan},
  title = {They Can't Find Us},
  booktitle = {2014 Technical Symposium on Computer Science Education ({SIGCSE'14})},
  year = {2014},
  publisher = {Association for Computing Machinery ({ACM})},
  doi = {10.1145/2538862.2538933},
  link = {https://doi.org/10.1145/2538862.2538933},
  local = {disalvo-2014-cant-find-us.pdf},
  note = {Informa que los términos de búsqueda que los padres y las madres probablemente usarían para buscar las clases de informática extraescolar no fueron útiles para encontrar esas clases.}
}

@article{Douc2005,
  author = {Christopher Douce and David Livingstone and James Orwell},
  title = {Automatic Test-Based Assessment of Programming},
  journal = {Journal on Educational Resources in Computing},
  volume = {5},
  number = {3},
  year = {2005},
  month = {9},
  publisher = {Association for Computing Machinery ({ACM})},
  doi = {10.1145/1163405.1163409},
  link = {https://doi.org/10.1145/1163405.1163409},
  local = {douce-2005-autograder-review.pdf},
  note = {Revisa el estado de los autocalificadores hasta la fecha del trabajo.}
}

@article{DuBo1986,
  author = {Benedict Du Boulay},
  title = {Some Difficulties of Learning to Program},
  journal = {Journal of Educational Computing Research},
  volume = {2},
  number = {1},
  pages = {57--73},
  year = {1986},
  month = {2},
  publisher = {{SAGE} Publications},
  doi = {10.2190/3lfx-9rrf-67t8-uvk9},
  link = {https://doi.org/10.2190/3lfx-9rrf-67t8-uvk9},
  local = {duboulay-1986-difficulties.pdf},
  note = {Introduce la idea de una máquina teórica/nocional.}
}

@comment{EEE}

@inproceedings{Edwa2014a,
  author = {Stephen H. Edwards and Zalia Shams and Craig Estep},
  title = {Adaptively Identifying Non-Terminating Code when Testing Student Programs},
  booktitle = {2014 Technical Symposium on Computer Science Education ({SIGCSE'14})},
  year = {2014},
  publisher = {Association for Computing Machinery ({ACM})},
  doi = {10.1145/2538862.2538926},
  link = {https://doi.org/10.1145/2538862.2538926},
  local = {edwards-2014-nonterminating.pdf},
  note = {Describe un esquema adaptativo para detectar envíos de codificación de estudiantes que no terminan.}
}

@inproceedings{Edwa2014b,
  author = {Stephen H. Edwards and Zalia Shams},
  title = {Do Student Programmers All Tend to Write the Same Software Tests?},
  booktitle = {2014 Conference on Innovation and Technology in Computer Science Education ({ITiCSE'14})},
  year = {2014},
  publisher = {Association for Computing Machinery ({ACM})},
  doi = {10.1145/2591708.2591757},
  link = {https://doi.org/10.1145/2591708.2591757},
  local = {edwards-2014-same-tests.pdf},
  note = {Informa que los/las estudiantes escribieron pruebas para el ``camino feliz'' en lugar de detectar errores ocultos.}
}

@inproceedings{Endr2014,
  author = {Stefan Endrikat and Stefan Hanenberg and Romain Robbes and Andreas Stefik},
  title = {How Do {API} Documentation and Static Typing Affect {API} Usability?},
  booktitle = {2014 International Conference on Software Engineering ({ICSE'14})},
  year = {2014},
  publisher = {{ACM} Press},
  doi = {10.1145/2568225.2568299},
  link = {https://doi.org/10.1145/2568225.2568299},
  local = {endrikat-2014-typing-usability.pdf},
  note = {Muestra que los tipos agregan complejidad a los programas, pero se amortiza con bastante rapidez al actuar como sugerencias de documentación para el uso de un método.}
}

@article{Ensm2003,
  author = {Nathan L. Ensmenger},
  title = {Letting the ``Computer Boys'' Take Over: Technology and the Politics of Organizational Transformation},
  journal = {International Review of Social History},
  volume = {48},
  number = {S11},
  pages = {153--180},
  year = {2003},
  month = {12},
  publisher = {Cambridge University Press},
  doi = {10.1017/s0020859003001305},
  link = {https://doi.org/10.1017/s0020859003001305},
  local = {ensmenger-2003-computer-boys.pdf},
  note = {Describe cómo la programación pasó de ser una profesión femenina a una masculina en la década de 1960.}
}

@book{Ensm2012,
  author = {Nathan L. Ensmenger},
  title = {The Computer Boys Take Over: Computers, Programmers, and the Politics of Technical Expertise},
  year = {2012},
  publisher = {{MIT} Press},
  isbn = {9780262517966},
  link = {https://isbndb.com/book/9780262517966},
  note = {Rastrea el surgimiento y ascenso de los expertos en informática en el siglo XX y, en particular, la forma en que la informática adquirió un género masculino.}
}

@article{Eppl2006,
  author = {Martin J. Eppler},
  title = {A Comparison Between Concept Maps, Mind Maps, Conceptual Diagrams, and Visual Metaphors as Complementary Tools for Knowledge Construction and Sharing},
  journal = {Information Visualization},
  volume = {5},
  number = {3},
  pages = {202--210},
  year = {2006},
  month = {6},
  publisher = {{SAGE} Publications},
  doi = {10.1057/palgrave.ivs.9500131},
  link = {https://doi.org/10.1057/palgrave.ivs.9500131},
  local = {eppler-2006-concept-maps.pdf},
  note = {Compara mapas conceptuales, mapas mentales, diagramas conceptuales y metáforas visuales como herramientas de aprendizaje.}
}

@book{Epst2002,
  author = {Lewis Carroll Epstein},
  title = {Thinking Physics: Understandable Practical Reality},
  year = {2002},
  publisher = {Insight Press},
  isbn = {0935218084},
  link = {https://isbndb.com/book/0935218084},
  note = {Una entretenida introducción basada en problemas para pensar como un/a físico/a.}
}

@inproceedings{Eric2015,
  author = {Barbara J. Ericson and Steven Moore and Briana B. Morrison and Mark Guzdial},
  title = {Usability and Usage of Interactive Features in an Online Ebook for {CS} Teachers},
  booktitle = {2015 Workshop in Primary and Secondary Computing Education (WiPSCE'15)},
  pages = {111--120},
  year = {2015},
  publisher = {Association for Computing Machinery ({ACM})},
  isbn = {978-1-4503-3753-3},
  doi = {10.1145/2818314.2818335},
  link = {http://doi.acm.org/10.1145/2818314.2818335},
  local = {ericson-2015-ebooks.pdf},
  note = {Informa que es más probable que los/las estudiantes intenten problemas de Parsons que preguntas de opción múltiple cercanas en un libro electrónico.}
}

@article{Eric2016,
  author = {K. Anders Ericsson},
  title = {Summing Up Hours of Any Type of Practice Versus Identifying Optimal Practice Activities},
  journal = {Perspectives on Psychological Science},
  volume = {11},
  number = {3},
  pages = {351--354},
  year = {2016},
  month = {5},
  publisher = {{SAGE} Publications},
  doi = {10.1177/1745691616635600},
  link = {https://doi.org/10.1177/1745691616635600},
  local = {ericsson-2016-summing-up-hours.pdf},
  note = {Una crítica de un meta\-estudio sobre la práctica deliberada basada en la inclusión de actividades demasiado amplias de este último.}
}

@inproceedings{Eric2017,
  author = {Barbara J. Ericson and Lauren E. Margulieux and Jochen Rick},
  title = {Solving {Parsons Problems} versus Fixing and Writing Code},
  booktitle = {2017 Koli Calling Conference on Computing Education Research ({Koli'17})},
  year = {2017},
  publisher = {Association for Computing Machinery ({ACM})},
  doi = {10.1145/3141880.3141895},
  link = {https://doi.org/10.1145/3141880.3141895},
  local = {ericson-2017-parsons-vs-programming.pdf},
  note = {Informa que resolver problemas de Parsons 2D con distractores lleva menos tiempo que escribir o corregir código, pero tiene resultados de aprendizaje equivalentes.}
}

@comment{FFF}

@article{Farm2006,
  author = {Eugene Farmer},
  title = {The Gatekeeper's Guide, or How to Kill a Tool},
  journal = {{IEEE} Software},
  volume = {23},
  number = {6},
  pages = {12--13},
  year = {2006},
  month = {11},
  publisher = {Institute of Electrical and Electronics Engineers ({IEEE})},
  doi = {10.1109/ms.2006.174},
  link = {https://doi.org/10.1109/ms.2006.174},
  local = {farmer-2006-gatekeepers-guide-kill-a-tool.pdf},
  note = {Diez reglas irónicas para asegurarse de que no se adopte una nueva herramienta de software.}
}

@book{Fehi2008,
  author = {Chris Fehily},
  title = {SQL: Visual QuickStart Guide},
  edition = {Third},
  year = {2008},
  publisher = {Peachpit Press},
  isbn = {0321553578},
  link = {https://isbndb.com/book/0321553578},
  note = {Una introducción a SQL que es tanto un buen tutorial como una buena guía de referencia.}
}

@inproceedings{Finc2007,
  author = {Sally Fincher and Josh Tenenberg},
  title = {Warren's Question},
  booktitle = {2007 International Computing Education Research Conference ({ICER'07})},
  year = {2007},
  publisher = {Association for Computing Machinery ({ACM})},
  doi = {10.1145/1288580.1288588},
  link = {https://doi.org/10.1145/1288580.1288588},
  local = {fincher-2007-warrens-questions.pdf},
  note = {Una mirada detallada a un caso particular de transferencia de una práctica docente.}
}

@inproceedings{Finc2012,
  author = {Sally Fincher and Brad Richards and Janet Finlay and Helen Sharp and Isobel Falconer},
  title = {Stories of Change: How Educators Change Their Practice},
  booktitle = {2012 Frontiers in Education Conference ({FIE'12})},
  year = {2012},
  month = {10},
  publisher = {Institute of Electrical and Electronics Engineers ({IEEE})},
  doi = {10.1109/fie.2012.6462317},
  link = {https://doi.org/10.1109/fie.2012.6462317},
  local = {fincher-2012-stories-change.pdf},
  note = {Una mirada detallada a cómo los/las docentes adoptan realmente nuevas prácticas de enseñanza.}
}

@book{Finc2019,
  editor = {Sally Fincher and Anthony Robins},
  title = {The Cambridge Handbook of Computing Education Research},
  year = {2019},
  publisher = {Cambridge University Press},
  isbn = {978-1108721899},
  note = {Un resumen de 900 páginas de lo que sabemos sobre educación informática.}
}

@book{Fink2013,
  author = {L. Dee Fink},
  title = {Creating Significant Learning Experiences: An Integrated Approach to Designing College Courses},
  year = {2013},
  publisher = {Jossey-Bass},
  isbn = {1118124251},
  link = {https://isbndb.com/book/1118124251},
  note = {Una guía paso a paso para un proceso sistemático de diseño de lecciones.}
}

@inproceedings{Fisc2015,
  author = {Lars Fischer and Stefan Hanenberg},
  title = {An empirical investigation of the effects of type systems and code completion on {API} usability using {TypeScript} and {JavaScript} in {MS} {Visual} {Studio}},
  booktitle = {11th Symposium on Dynamic Languages ({DLS'15})},
  publisher = {{ACM} Press},
  year = {2015},
  doi = {10.1145/2816707.2816720},
  note = {Descubre que la escritura estática mejoraba la eficiencia del programador/a independientemente de la finalización del código.}
}

@inproceedings{Fisl2014,
  author = {Kathi Fisler},
  title = {The Recurring Rainfall Problem},
  booktitle = {2014 International Computing Education Research Conference ({ICER'14})},
  year = {2014},
  publisher = {Association for Computing Machinery ({ACM})},
  doi = {10.1145/2632320.2632346},
  link = {https://doi.org/10.1145/2632320.2632346},
  local = {fisler-2014-rainfall.pdf},
  note = {Informa que los/las estudiantes cometieron menos errores de bajo nivel al resolver el problema de la lluvia en un lenguaje funcional.}
}

@article{Fitz2008,
  author = {Sue Fitzgerald and Gary Lewandowski and Renée McCauley and Laurie Murphy and Beth Simon and Lynda Thomas and Carol Zander},
  title = {Debugging: Finding, Fixing and Flailing, a Multi-Institutional Study of Novice Debuggers},
  journal = {Computer Science Education},
  volume = {18},
  number = {2},
  pages = {93--116},
  year = {2008},
  month = {6},
  publisher = {Informa {UK} Limited},
  doi = {10.1080/08993400802114508},
  link = {https://doi.org/10.1080/08993400802114508},
  local = {fitzgerald-2008-debugging.pdf},
  note = {Informa que los/las buenos/as depuradores/as de pregrado son buenos/as programadores/as, pero no necesariamente al revés, y que las personas principiantes utilizan el rastreo y las pruebas en lugar del razonamiento causal.}
}

@inproceedings{Ford2016,
  author = {Denae Ford and Justin Smith and Philip J. Guo and Chris Parnin},
  title = {Paradise Unplugged: Identifying Barriers for Female Participation on {Stack Overflow}},
  booktitle = {2016 International Symposium on Foundations of Software Engineering ({FSE'16})},
  year = {2016},
  publisher = {Association for Computing Machinery ({ACM})},
  doi = {10.1145/2950290.2950331},
  link = {https://doi.org/10.1145/2950290.2950331},
  local = {ford-2016-paradise-unplugged.pdf},
  note = {Reporta que la falta de conocimiento de las características del sitio, la sensación de no estar calificada para responder preguntas, el tamaño de la comunidad, la incomodidad al interactuar con gente extraña o depender de ella y la percepción de que no deberían estar holgazaneando fueron considerados significativamente más problemáticos por las colaboradoras de Stack Overflow que por los colaboradores.}
}

@book{Foge2005,
  author = {Karl Fogel},
  title = {Producing Open Source Software: How to Run a Successful Free Software Project},
  year = {2005},
  publisher = {O'Reilly Media},
  isbn = {0596007590},
  link = {http://producingoss.com/},
  note = {La guía definitiva para la gestión de proyectos de desarrollo de software de código abierto.}
}

@inproceedings{Fran2018,
  author = {Pablo Frank-Bolton and Rahul Simha},
  title = {Docendo Discimus: Students Learn by Teaching Peers Through Video},
  booktitle = {2018 Technical Symposium on Computer Science Education ({SIGCSE'18})},
  year = {2018},
  publisher = {Association for Computing Machinery ({ACM})},
  doi = {10.1145/3159450.3159466},
  link = {https://doi.org/10.1145/3159450.3159466},
  local = {frankbolton-2018-peer-video.pdf},
  note = {Informa que los/las estudiantes que hacen videos cortos para enseñar conceptos a sus pares tienen un aumento significativo en su propio aprendizaje en comparación con quienes solo estudian el material o ven videos.}
}

@article{Free1972,
  author = {Jo Freeman},
  title = {The Tyranny of Structurelessness},
  journal = {The Second Wave},
  volume = {2},
  number = {1},
  year = {1972},
  local = {freeman-1972-tyranny-structurelessness.pdf},
  link = {https://www.jofreeman.com/joreen/tyranny.htm},
  note = {Señala que toda organización tiene una estructura de poder: la única pregunta es si es responsable o no.}
}

@article{Free2014,
  author = {S. Freeman and S. L. Eddy and M. McDonough and M. K. Smith and N. Okoroafor and H. Jordt and M. P. Wenderoth},
  title = {Active learning increases student performance in science,  engineering,  and mathematics},
  journal = {Proc.\ National Academy of Sciences},
  volume = {111},
  number = {23},
  month = {5},
  year = {2014},
  pages = {8410--8415},
  publisher = {National Academy of Sciences},
  doi = {10.1073/pnas.1319030111},
  note = {Presenta un metaanálisis de los beneficios del aprendizaje activo.}
}

@book{Frie2016,
  author = {Marilyn Friend and Lynne Cook},
  title = {Interactions: Collaboration Skills for School Professionals},
  edition = {Eighth},
  year = {2016},
  publisher = {Pearson},
  isbn = {0134168542},
  note = {Un libro de texto sobre cómo los/las docentes pueden trabajar con otros/as docentes.}
}

@comment{GGG}

@article{Galp2002,
  author = {Vashti Galpin},
  title = {Women in Computing Around the World},
  journal = {{ACM} {SIGCSE} Bulletin},
  volume = {34},
  number = {2},
  year = {2002},
  month = {6},
  publisher = {Association for Computing Machinery ({ACM})},
  doi = {10.1145/543812.543839},
  link = {https://doi.org/10.1145/543812.543839},
  local = {galpin-2002-women.pdf},
  note = {Analiza la participación femenina en informática en 35 países.}
}

@article{Gauc2011,
  author = {Danielle Gaucher and Justin Friesen and Aaron C. Kay},
  title = {Evidence that Gendered Wording in Job Advertisements Exists and Sustains Gender Inequality},
  journal = {Journal of Personality and Social Psychology},
  volume = {101},
  number = {1},
  pages = {109--128},
  year = {2011},
  publisher = {American Psychological Association ({APA})},
  doi = {10.1037/a0022530},
  link = {https://doi.org/10.1037/a0022530},
  local = {gaucher-2011-gendered-job-ads.pdf},
  note = {Informa que la marca de género en la redacción de los materiales y anuncios de contratación laboral puede mantener la desigualdad de género en ocupaciones tradicionalmente dominadas por hombres.}
}

@article{Gawa2007,
  author = {Atul Gawande},
  title = {The Checklist},
  journal = {The New Yorker},
  year = {2007},
  month = {12},
  day = {10},
  link = {https://www.newyorker.com/magazine/2007/12/10/the-checklist},
  nolocal = {true},
  note = {Describe los efectos de las listas de verificación simples para salvar vidas.}
}

@article{Gawa2011,
  author = {Atul Gawande},
  title = {Personal Best},
  journal = {The New Yorker},
  year = {2011},
  month = {10},
  day = {3},
  link = {https://www.newyorker.com/magazine/2011/10/03/personal-best},
  nolocal = {true},
  note = {Describe cómo tener un/a entrenador/a puede mejorar la práctica en una variedad de campos.}
}

@incollection{Gick1987,
  author = {Mary L. Gick and Keith J. Holyoak},
  editor = {S. J. Cormier and J. D. Hagman},
  title = {The Cognitive Basis of Knowledge Transfer},
  booktitle = {Transfer of Learning: Contemporary Research and Applications},
  pages = {9--46},
  year = {1987},
  publisher = {Elsevier},
  doi = {10.1016/b978-0-12-188950-0.50008-4},
  link = {https://doi.org/10.1016/b978-0-12-188950-0.50008-4},
  nolocal = {true},
  note = {Encuentra que la transferencia solo llega con maestría.}
}

@article{Gorm2014,
  author = {Cara Gormally and Mara Evans and Peggy Brickman},
  title = {Feedback About Teaching in Higher Ed: Neglected Opportunities to Promote Change},
  journal = {Cell Biology Education},
  volume = {13},
  number = {2},
  pages = {187--199},
  year = {2014},
  month = {6},
  publisher = {American Society for Cell Biology ({ASCB})},
  doi = {10.1187/cbe.13-12-0235},
  link = {https://doi.org/10.1187/cbe.13-12-0235},
  local = {gormally-2014-teaching-feedback.pdf},
  note = {Resume las mejores prácticas para proporcionar una devolución instruccional y recomienda algunas estrategias específicas.}
}

@book{Gree2014,
  author = {Elizabeth Green},
  title = {Building a Better Teacher: How Teaching Works (and How to Teach It to Everyone)},
  year = {2014},
  publisher = {W. W. Norton \& Company},
  isbn = {0393351084},
  link = {https://isbndb.com/book/9780393351088},
  note = {Explica por qué la mayoría de las reformas educativas de los últimos cincuenta años han fallado y qué deberíamos hacer en su lugar.}
}

@inproceedings{Grif2016,
  author = {Jean M. Griffin},
  title = {Learning by Taking Apart},
  booktitle = {2016 Conference on Information Technology Education ({SIGITE'16})},
  year = {2016},
  publisher = {{ACM} Press},
  doi = {10.1145/2978192.2978231},
  link = {https://doi.org/10.1145/2978192.2978231},
  local = {griffing-2016-taking-apart.pdf},
  note = {Informa que las personas aprenden a programar más rápidamente deconstruyendo el código que escribiéndolo.}
}

@inproceedings{Grov2017,
  author = {Shuchi Grover and Satabdi Basu},
  title = {Measuring Student Learning in Introductory Block-Based Programming},
  booktitle = {2017 Technical Symposium on Computer Science Education ({SIGCSE'17})},
  year = {2017},
  publisher = {Association for Computing Machinery ({ACM})},
  doi = {10.1145/3017680.3017723},
  link = {https://doi.org/10.1145/3017680.3017723},
  local = {grover-2017-measuring-block-learning.pdf},
  note = {Informa que los/las estudiantes de nivel medio que utilizan programación basada en bloques encuentran que los bucles, las variables y los operadores booleanos son difíciles de entender.}
}

@article{Gull2004,
  author = {Ned Gulley},
  title = {In Praise of Tweaking},
  journal = {interactions},
  volume = {11},
  number = {3},
  pages = {18},
  year = {2004},
  month = {5},
  publisher = {Association for Computing Machinery ({ACM})},
  doi = {10.1145/986253.986264},
  link = {https://doi.org/10.1145/986253.986264},
  local = {gulley-2004-praise-tweaking.pdf},
  note = {Describe un concurso innovador de codificación colaborativa.}
}

@inproceedings{Guo2013,
  author = {Philip J. Guo},
  title = {Online Python Tutor},
  booktitle = {2013 Technical Symposium on Computer Science Education ({SIGCSE'13})},
  year = {2013},
  publisher = {Association for Computing Machinery ({ACM})},
  doi = {10.1145/2445196.2445368},
  link = {https://doi.org/10.1145/2445196.2445368},
  local = {guo-2013-online-tutor.pdf},
  note = {Describe el diseño y uso de una herramienta de visualización de ejecución basada en web.}
}

@inproceedings{Guo2014,
  author = {Philip J. Guo and Juho Kim and Rob Rubin},
  title = {How Video Production Affects Student Engagement},
  booktitle = {2014 Conference on Learning @ Scale ({L@S'14})},
  year = {2014},
  publisher = {Association for Computing Machinery ({ACM})},
  doi = {10.1145/2556325.2566239},
  link = {https://doi.org/10.1145/2556325.2566239},
  local = {guo-2014-engagement.pdf},
  note = {Mide la participación de los/las estudiantes con los videos de los MOOC y reporta que los videos cortos son más atractivos que los largos y que ver la cara de las personas hablando es más atractivo que dibujos en tabletas.}
}

@inproceedings{Guzd2013,
  author = {Mark Guzdial},
  title = {Exploring Hypotheses about Media Computation},
  booktitle = {2013 International Computing Education Research Conference ({ICER'13})},
  year = {2013},
  publisher = {Association for Computing Machinery ({ACM})},
  doi = {10.1145/2493394.2493397},
  link = {https://doi.org/10.1145/2493394.2493397},
  local = {guzdial-2013-mediacomp-retrospective.pdf},
  note = {Una mirada retrospectiva a diez años de investigación en computación de medios.}
}

@book{Guzd2015a,
  author = {Mark Guzdial},
  title = {Learner-Centered Design of Computing Education: Research on Computing for Everyone},
  year = {2015},
  publisher = {Morgan \& Claypool Publishers},
  isbn = {9781627053518},
  link = {https://isbndb.com/book/9781627053518},
  note = {Sostiene que debemos diseñar la educación informática para todas las personas, no solo para las que creen que se van a convertir en programadores/as profesionales.}
}

@misc{Guzd2015b,
  author = {Mark Guzdial},
  title = {Top 10 Myths About Teaching Computer Science},
  year = {2015},
  howpublished = {\url{https://cacm.acm.org/blogs/blog-cacm/189498-top-10-myths-about-teaching-computer-science/fulltext}},
  local = {guzdial-2015-10-myths.pdf},
  note = {Diez cosas que mucha gente cree sobre la enseñanza de la informática que simplemente no son ciertas.}
}

@misc{Guzd2016,
  author = {Mark Guzdial},
  title = {Five Principles for Programming Languages for Learners},
  year = {2016},
  howpublished = {\url{https://cacm.acm.org/blogs/blog-cacm/203554-five-principles-for-programming-languages-for-learners/fulltext}},
  local = {guzdial-2016-five-principles-beginners.pdf},
  note = {Explica cómo elegir un lenguaje de programación para personas que son nuevas en programación.}
}

@comment{HHH}

@inproceedings{Haar2017,
  author = {Lassi Haaranen},
  title = {Programming as a Performance - Live-streaming and Its Implications for Computer Science Education},
  booktitle = {2017 Conference on Innovation and Technology in Computer Science Education ({ITiCSE'17})},
  year = {2017},
  publisher = {Association for Computing Machinery ({ACM})},
  doi = {10.1145/3059009.3059035},
  link = {https://doi.org/10.1145/3059009.3059035},
  local = {haaranen-2017-live-streaming.pdf},
  note = {Una mirada temprana a la transmisión en vivo de la programación como técnica de enseñanza.}
}

@article{Hagg2016,
  author = {M. S. Hagger and N. L. D. Chatzisarantis and H. Alberts and C. O. Anggono and C. Batailler and A. R. Birt and R. Brand and M. J. Brandt and G. Brewer and S. Bruyneel and D. P. Calvillo and W. K. Campbell and P. R. Cannon and M. Carlucci and N. P. Carruth and T. Cheung and A. Crowell and D. T. D. De Ridder and S. Dewitte and M. Elson and J. R. Evans and B. A. Fay and B. M. Fennis and A. Finley and Z. Francis and E. Heise and H. Hoemann and M. Inzlicht and S. L. Koole and L. Koppel and F. Kroese and F. Lange and K. Lau and B. P. Lynch and C. Martijn and H. Merckelbach and N. V. Mills and A. Michirev and A. Miyake and A. E. Mosser and M. Muise and D. Muller and M. Muzi and D. Nalis and R. Nurwanti and H. Otgaar and M. C. Philipp and P. Primoceri and K. Rentzsch and L. Ringos and C. Schlinkert and B. J. Schmeichel and S. F. Schoch and M. Schrama and A. Schütz and A. Stamos and G. Tinghög and J. Ullrich and M. vanDellen and S. Wimbarti and W. Wolff and C. Yusainy and O. Zerhouni and M. Zwienenberg},
  title ={A Multilab Preregistered Replication of the Ego-Depletion Effect},
  journal = {Perspectives on Psychological Science},
  volume = {11},
  number = {4},
  pages = {546-573},
  year = {2016},
  doi = {10.1177/1745691616652873},
  note = {Un metanálisis que encontró evidencia insuficiente que corrobore el efecto de agotamiento del ego.}
}

@article{Hake1998,
  author = {Richard R. Hake},
  title = {Interactive Engagement versus Traditional Methods: A Six-Thousand-Student Survey of Mechanics Test Data for Introductory Physics Courses},
  journal = {American Journal of Physics},
  volume = {66},
  number = {1},
  pages = {64--74},
  year = {1998},
  month = {1},
  publisher = {American Association of Physics Teachers ({AAPT})},
  doi = {10.1119/1.18809},
  link = {https://doi.org/10.1119/1.18809},
  local = {hake-1998-interactive-engagement-vs-traditional-methods.pdf},
  note = {Informa sobre el uso de un inventario de conceptos para medir los beneficios del compromiso interactivo como técnica de enseñanza.}
}

@article{Hamo2017,
  author = {Sally Hamouda and Stephen H. Edwards and Hicham G. Elmongui and Jeremy V. Ernst and Clifford A. Shaffer},
  title = {A Basic Recursion Concept Inventory},
  journal = {Computer Science Education},
  volume = {27},
  number = {2},
  pages = {121--148},
  year = {2017},
  month = {4},
  publisher = {Informa {UK} Limited},
  doi = {10.1080/08993408.2017.1414728},
  link = {https://doi.org/10.1080/08993408.2017.1414728},
  local = {hamouda-2017-recursion-concept-inventory.pdf},
  note = {Informa el trabajo inicial sobre el desarrollo de un inventario de conceptos para la recursividad.}
}

@article{Hank2011,
  author = {Brian Hanks and Sue Fitzgerald and Renée McCauley and Laurie Murphy and Carol Zander},
  title = {Pair Programming in Education: a Literature Review},
  journal = {Computer Science Education},
  volume = {21},
  number = {2},
  pages = {135--173},
  year = {2011},
  month = {6},
  publisher = {Informa {UK} Limited},
  doi = {10.1080/08993408.2011.579808},
  link = {https://doi.org/10.1080/08993408.2011.579808},
  local = {hanks-2011-pair-programming.pdf},
  note = {Informa un aumento de las tasas de éxito y retención con la programación en parejas, con alguna evidencia de que es particularmente beneficiosa para las mujeres, pero encuentra que la coordinación y la compatibilidad de la pareja pueden ser problemáticas.}
}

@article{Hann2009,
  author = {Jo Erskine Hannay and Tore Dybå and Erik Arisholm and Dag I. K. Sjøberg},
  title = {The Effectiveness of Pair Programming: A Meta-analysis},
  journal = {Information and Software Technology},
  volume = {51},
  number = {7},
  pages = {1110--1122},
  year = {2009},
  month = {7},
  publisher = {Elsevier},
  doi = {10.1016/j.infsof.2009.02.001},
  link = {https://doi.org/10.1016/j.infsof.2009.02.001},
  local = {hannay-2009-pair-programming.pdf},
  note = {Un metaanálisis completo de la investigación sobre la programación en parejas.}
}

@article{Hann2010,
  author = {Jo Erskine Hannay and Erik Arisholm and Harald Engvik and Dag I. K. Sjøberg},
  title = {Effects of Personality on Pair Programming},
  journal = {{IEEE} Transactions on Software Engineering},
  volume = {36},
  number = {1},
  pages = {61--80},
  year = {2010},
  month = {1},
  publisher = {Institute of Electrical and Electronics Engineers ({IEEE})},
  doi = {10.1109/tse.2009.41},
  link = {https://doi.org/10.1109/tse.2009.41},
  local = {hannay-2010-pair-personality.pdf},
  note = {Informa una correlación débil entre los rasgos de personalidad de los ``Cinco grandes'' y el rendimiento en la programación en parejas.}
}

@article{Hans2015,
  author = {John D. Hansen and Justin Reich},
  title = {Democratizing education? Examining access and usage patterns in massive open online courses},
  journal = {Science},
  volume = {350},
  number = {6265},
  pages = {1245--1248},
  year = {2015},
  month = {12},
  publisher = {American Association for the Advancement of Science ({AAAS})},
  doi = {10.1126/science.aab3782},
  link = {https://doi.org/10.1126/science.aab3782},
  local = {hansen-2015-mooc-usage.pdf},
  note = {Informa que los MOOC son utilizados principalmente por personas con alto poder adquisitivo.}
}

@inproceedings{Harm2016,
  author = {Kyle James Harms and Jason Chen and Caitlin L. Kelleher},
  title = {Distractors in {Parsons Problems} Decrease Learning Efficiency for Young Novice Programmers},
  booktitle = {2016 International Computing Education Research Conference ({ICER'16})},
  year = {2016},
  publisher = {Association for Computing Machinery ({ACM})},
  doi = {10.1145/2960310.2960314},
  link = {https://doi.org/10.1145/2960310.2960314},
  local = {harms-2016-parsons-distractors.pdf},
  note = {Muestra que agregar distractores a los problemas de Parsons no mejora los resultados del aprendizaje, pero aumenta los tiempos de solución.}
}

@inproceedings{Harr2018,
  author = {Brian Harrington and Nick Cheng},
  title = {Tracing vs. Writing Code: Beyond the Learning Hierarchy},
  booktitle = {2018 Technical Symposium on Computer Science Education ({SIGCSE'18})},
  year = {2018},
  publisher = {Association for Computing Machinery ({ACM})},
  doi = {10.1145/3159450.3159530},
  link = {https://doi.org/10.1145/3159450.3159530},
  local = {harrington-2018-tracing-vs-writing.pdf},
  note = {Encuentra que la brecha entre ser capaz de rastrear código y ser capaz de escribirlo se ha cerrado en gran medida por CS2 y que los/las estudiantes que todavía tienen una brecha (en cualquier dirección) probablemente tengan un desempeño pobre en el curso.}
}

@book{Hazz2014,
  author = {Orit Hazzan and Tami Lapidot and Noa Ragonis},
  title = {Guide to Teaching Computer Science: An Activity-Based Approach},
  edition = {Second},
  year = {2014},
  publisher = {Springer},
  isbn = {9781447166290},
  link = {https://isbndb.com/book/9781447166290},
  note = {Un libro de texto para enseñar ciencias de la computación en el nivel K-12 con docenas de actividades.}
}

@book{Hend2015a,
  author = {Charles Henderson and Renée Cole and Jeff Froyd and Debra Friedrichsen and Raina Khatri and Courtney Stanford},
  title = {Designing Educational Innovations for Sustained Adoption},
  year = {2015},
  publisher = {Increase the Impact},
  isbn = {0996835210},
  link = {https://isbndb.com/book/0996835210},
  note = {Un análisis detallado de las estrategias para lograr que las instituciones de educación superior realicen cambios.}
}

@misc{Hend2015b,
  author = {Charles Henderson and Renée Cole and Jeff Froyd and Debra Friedrichsen and Raina Khatri and Courtney Stanford},
  title = {Designing Educational Innovations for Sustained Adoption (Executive Summary)},
  year = {2015},
  publisher = {Increase the Impact},
  howpublished = {\url{http://www.increasetheimpact.com/resources.html}},
  local = {henderson-2015-adoption-summary.pdf},
  note = {Un breve resumen de los puntos clave del trabajo de los/las autores/as sobre cómo efectuar cambios en la educación superior.}
}

@book{Hend2017,
  author = {Carl Hendrick and Robin Macpherson},
  title = {What Does This Look Like In The Classroom?: Bridging The Gap Between Research And Practice},
  year = {2017},
  publisher = {John Catt Educational},
  isbn = {9781911382379},
  link = {https://isbndb.com/book/9781911382379},
  note = {Una colección de respuestas de personas expertas en educación a las preguntas formuladas por docentes en aulas, con prefacios de los autores.}
}

@article{Henr2010,
  author = {Joseph Henrich and Steven J. Heine and Ara Norenzayan},
  title = {The Weirdest People in the World?},
  journal = {Behavioral and Brain Sciences},
  volume = {33},
  number = {2-3},
  pages = {61--83},
  year = {2010},
  month = {6},
  publisher = {Cambridge University Press},
  doi = {10.1017/s0140525x0999152x},
  link = {https://doi.org/10.1017/s0140525x0999152x},
  local = {henrich-2010-weird-people.pdf},
  note = {Señala que los sujetos de la mayoría de los estudios psicológicos publicados son personas occidentales, con educación, industrializadas, ricas y viviendo en democracias.}
}

@article{Hest1992,
  author = {David Hestenes and Malcolm Wells and Gregg Swackhamer},
  title = {Force Concept Inventory},
  journal = {The Physics Teacher},
  volume = {30},
  number = {3},
  pages = {141--158},
  year = {1992},
  month = {3},
  publisher = {American Association of Physics Teachers ({AAPT})},
  doi = {10.1119/1.2343497},
  link = {https://doi.org/10.1119/1.2343497},
  local = {hestenes-1992-force-concept-inventory.pdf},
  note = {Describe la motivación, el diseño y el impacto del Force Concept Inventory (\emph{Force Concept Inventory} en inglés).}
}

@book{Hick2018,
  author = {Marie Hicks},
  title = {Programmed Inequality: How Britain Discarded Women Technologists and Lost Its Edge in Computing},
  year = {2018},
  publisher = {{MIT} Press},
  isbn = {9780262535182},
  link = {https://isbndb.com/book/9780262535182},
  note = {Describe cómo Gran Bretaña perdió su dominio temprano en la informática al discriminar sistemáticamente a sus trabajadoras más calificadas: las mujeres.}
}

@inproceedings{Hofm2017,
  author = {Johannes Hofmeister and Janet Siegmund and Daniel V. Holt},
  title = {Shorter Identifier Names Take Longer to Comprehend},
  booktitle = {2017 Conference on Software Analysis, Evolution and Reengineering ({SANER'17})},
  year = {2017},
  month = {2},
  publisher = {Institute of Electrical and Electronics Engineers ({IEEE})},
  doi = {10.1109/saner.2017.7884623},
  link = {https://doi.org/10.1109/saner.2017.7884623},
  local = {hofmeister-2017-identifier-names.pdf},
  note = {Informa que el uso de palabras completas para nombrar variables hace que la comprensión sea más rápida que el uso de abreviaturas o nombres de una sola letra.}
}

@article{Holl1960,
  author = {Jack Hollingsworth},
  title = {Automatic Graders for Programming Classes},
  journal = {Communications of the {ACM}},
  volume = {3},
  number = {10},
  pages = {528--529},
  year = {1960},
  month = {10},
  publisher = {Association for Computing Machinery ({ACM})},
  doi = {10.1145/367415.367422},
  link = {https://doi.org/10.1145/367415.367422},
  local = {hollingsworth-1960-automatic-graders.pdf},
  note = {Una breve nota que describe lo que pudo haber sido la primera calificadora automática del mundo.}
}

@inproceedings{Hu2017,
  author = {Helen H. Hu and Cecily Heiner and Thomas Gagne and Carl Lyman},
  title = {Building a Statewide Computer Science Teacher Pipeline},
  booktitle = {2017 Technical Symposium on Computer Science Education ({SIGCSE'17})},
  year = {2017},
  publisher = {Association for Computing Machinery ({ACM})},
  doi = {10.1145/3017680.3017788},
  link = {https://doi.org/10.1145/3017680.3017788},
  local = {hu-2017-statewide-teacher-pipeline.pdf},
  note = {Informa que un programa de seis meses para docentes de secundaria que se están entrenando para enseñar informática cuadriplica el número de docentes sin una reducción notable de los resultados de los/las estudiantes y aumenta la creencia de los docentes de que cualquiera puede programar.}
}

@book{Hust2012,
  author = {Therese Huston},
  title = {Teaching What You Don't Know},
  year = {2012},
  publisher = {Harvard University Press},
  isbn = {0674066170},
  link = {https://isbndb.com/book/0674066170},
  note = {Una exploración puntual, divertida y muy útil de exactamente lo que dice el título: enseñar lo que no conoces.}
}

@comment{III}

@inproceedings{Ihan2010,
  author = {Petri Ihantola and Tuukka Ahoniemi and Ville Karavirta and Otto Seppälä},
  title = {Review of Recent Systems for Automatic Assessment of Programming Assignments},
  booktitle = {2010 Koli Calling Conference on Computing Education Research ({Koli'10})},
  year = {2010},
  publisher = {Association for Computing Machinery ({ACM})},
  doi = {10.1145/1930464.1930480},
  link = {https://doi.org/10.1145/1930464.1930480},
  local = {ihantola-2010-autograding-review.pdf},
  note = {Revisa las herramientas de calificación automática de la época.}
}

@article{Ihan2011,
  author = {Petri Ihantola and Ville Karavirta},
  title = {Two-dimensional {Parson's Puzzles}: The Concept, Tools, and First Observations},
  journal = {Journal of Information Technology Education: Innovations in Practice},
  volume = {10},
  pages = {119--132},
  year = {2011},
  publisher = {Informing Science Institute},
  doi = {10.28945/1394},
  link = {https://doi.org/10.28945/1394},
  local = {ihantola-2011-parsons-2d.pdf},
  note = {Describe una herramienta de problemas de Parsons 2D y las primeras experiencias con ella que confirman que las personas expertas resuelven de afuera hacia adentro en lugar de línea por línea.}
}

@inproceedings{Ihan2016,
  author = {Petri Ihantola and Kelly Rivers and Miguel Ángel Rubio and Judy Sheard and Bronius Skupas and Jaime Spacco and Claudia Szabo and Daniel Toll and Arto Vihavainen and Alireza Ahadi and Matthew Butler and Jürgen Börstler and Stephen H. Edwards and Essi Isohanni and Ari Korhonen and Andrew Petersen},
  title = {Educational Data Mining and Learning Analytics in Programming: Literature Review and Case Studies},
  booktitle = {2016 Conference on Innovation and Technology in Computer Science Education ({ITiCSE'16})},
  year = {2016},
  publisher = {Association for Computing Machinery ({ACM})},
  doi = {10.1145/2858796.2858798},
  link = {https://doi.org/10.1145/2858796.2858798},
  local = {ihantola-2016-educational-data-mining.pdf},
  note = {Un estudio de los métodos utilizados en la minería y el análisis de datos de programación.}
}

@inproceedings{Ijss2000,
  author = {Wijnand A. IJsselsteijn and Huib de Ridder and Jonathan Freeman and Steve E. Avons},
  editor = {Bernice E. Rogowitz and Thrasyvoulos N. Pappas},
  title = {Presence: Concept, Determinants, and Measurement},
  booktitle = {2000 Conference on Human Vision and Electronic Imaging},
  year = {2000},
  month = {6},
  publisher = {SPIE},
  doi = {10.1117/12.387188},
  link = {https://doi.org/10.1117/12.387188},
  local = {ijsselsteijn-2000-presence.pdf},
  note = {Resume el pensamiento de la época sobre presencia real y virtual.}
}

@article{Irib2009,
  author = {Alicia Iriberri and Gondy Leroy},
  title = {A Life-Cycle Perspective on Online Community Success},
  journal = {{ACM} Computing Surveys},
  volume = {41},
  number = {2},
  pages = {1--29},
  year = {2009},
  month = {2},
  publisher = {Association for Computing Machinery ({ACM})},
  doi = {10.1145/1459352.1459356},
  link = {https://doi.org/10.1145/1459352.1459356},
  local = {iriberri-2009-online-community-success.pdf},
  note = {Revisa la investigación sobre comunidades en línea organizadas según un modelo de ciclo de vida de cinco etapas.}
}

@comment{JJJ}

@article{Juss2005,
  author = {Lee Jussim and Kent D. Harber},
  title = {Teacher Expectations and Self-Fulfilling Prophecies: Knowns and Unknowns, Resolved and Unresolved Controversies},
  journal = {Personality and Social Psychology Review},
  volume = {9},
  number = {2},
  pages = {131--155},
  year = {2005},
  month = {5},
  publisher = {{SAGE} Publications},
  doi = {10.1207/s15327957pspr0902_3},
  link = {https://doi.org/10.1207/s15327957pspr0902_3},
  local = {jussim-2005-expectations.pdf},
  note = {Un relevamiento sobre los efectos de las expectativas de los/las docentes en los resultados de los/las estudiantes.}
}

@comment{KKK}

@article{Kaly2003,
  author = {Slava Kalyuga and Paul Ayres and Paul Chandler and John Sweller},
  title = {The Expertise Reversal Effect},
  journal = {Educational Psychologist},
  volume = {38},
  number = {1},
  pages = {23--31},
  year = {2003},
  month = {3},
  publisher = {Informa {UK} Limited},
  doi = {10.1207/s15326985ep3801_4},
  link = {https://doi.org/10.1207/s15326985ep3801_4},
  local = {kalyuga-2003-expertise-reversal.pdf},
  note = {Informa que las técnicas de instrucción que funcionan bien con estudiantes sin experiencia pierden su eficacia o tienen consecuencias negativas cuando se utilizan con estudiantes con más experiencia.}
}

@article{Kaly2015,
  author = {Slava Kalyuga and Anne-Marie Singh},
  title = {Rethinking the Boundaries of Cognitive Load Theory in Complex Learning},
  journal = {Educational Psychology Review},
  volume = {28},
  number = {4},
  pages = {831--852},
  year = {2015},
  month = {12},
  publisher = {Springer Nature},
  doi = {10.1007/s10648-015-9352-0},
  link = {https://doi.org/10.1007/s10648-015-9352-0},
  local = {kalyua-2015-rethinking.pdf},
  note = {Sostiene que la teoría de la carga cognitiva es básicamente una microgestión dentro de un contexto pedagógico más amplio.}
}

@article{Kang2016,
  author = {Sean H. K. Kang},
  title = {Spaced Repetition Promotes Efficient and Effective Learning},
  journal = {Policy Insights from the Behavioral and Brain Sciences},
  volume = {3},
  number = {1},
  pages = {12--19},
  year = {2016},
  month = {1},
  publisher = {{SAGE} Publications},
  doi = {10.1177/2372732215624708},
  link = {https://doi.org/10.1177/2372732215624708},
  local = {kang-2016-spaced-repetition.pdf},
  note = {Resume la investigación sobre la repetición espaciada y lo que significa para la enseñanza en el aula.}
}

@article{Kapu2016,
  author = {Manu Kapur},
  title = {Examining Productive Failure, Productive Success, Unproductive Failure, and Unproductive Success in Learning},
  journal = {Educational Psychologist},
  volume = {51},
  number = {2},
  pages = {289--299},
  year = {2016},
  month = {4},
  publisher = {Informa {UK} Limited},
  doi = {10.1080/00461520.2016.1155457},
  link = {https://doi.org/10.1080/00461520.2016.1155457},
  local = {kapur-2016-productive-failure.pdf},
  note = {Considera el fracaso productivo como una alternativa al aprendizaje basado en la investigación y enfoques basados en la teoría de la carga cognitiva.}
}

@article{Karp2008,
  author = {Jeffrey D. Karpicke and Henry L. Roediger},
  title = {The Critical Importance of Retrieval for Learning},
  journal = {Science},
  volume = {319},
  number = {5865},
  pages = {966--968},
  year = {2008},
  month = {2},
  publisher = {American Association for the Advancement of Science ({AAAS})},
  doi = {10.1126/science.1152408},
  link = {https://doi.org/10.1126/science.1152408},
  local = {karpicke-2008-retrieval.pdf},
  note = {Reporta que las pruebas repetidas mejoran la memorización de listas de palabras de un 35\% a un 80\%, incluso cuando los/las estudiantes aún pueden acceder al material pero no se les realiza la prueba.}
}

@article{Kauf2000,
  author = {Deborah B. Kaufman and Richard M. Felder},
  title = {Accounting for Individual Effort in Cooperative Learning Teams},
  journal = {Journal of Engineering Education},
  volume = {89},
  number = {2},
  year = {2000},
  local = {kaufman-2000-individual-effort.pdf},
  note = {Informa que la autoevaluación y las calificaciones entre pares en los cursos de pregrado están de acuerdo, que la confabulación no es significativa, que los/las estudiantes no inflan sus autoevaluaciones y que las calificaciones no están sesgadas por cuestiones de género o por racismo.}
}

@article{Keme2009,
  author = {Chris F. Kemerer and Mark C. Paulk},
  title = {The Impact of Design and Code Reviews on Software Quality: An Empirical Study Based on {PSP} Data},
  journal = {{IEEE} Transactions on Software Engineering},
  volume = {35},
  number = {4},
  pages = {534--550},
  year = {2009},
  month = {7},
  publisher = {Institute of Electrical and Electronics Engineers ({IEEE})},
  doi = {10.1109/tse.2009.27},
  link = {https://doi.org/10.1109/tse.2009.27},
  local = {kemerer-2009-code-review.pdf},
  note = {Utiliza datos individuales para explorar la efectividad de la revisión del código.}
}

@article{Kepp2008,
  author = {Jeroen Keppens and David Hay},
  title = {Concept Map Assessment for Teaching Computer Programming},
  journal = {Computer Science Education},
  volume = {18},
  number = {1},
  pages = {31--42},
  year = {2008},
  month = {3},
  publisher = {Informa {UK} Limited},
  doi = {10.1080/08993400701864880},
  link = {https://doi.org/10.1080/08993400701864880},
  local = {keppens-2008-concept-maps.pdf},
  note = {Una breve revisión de las formas en que se puede utilizar el mapeo de conceptos en la educación informática.}
}

@book{Kern1978,
  author = {Brian W. Kernighan and P. J. Plauger},
  title = {The Elements of Programming Style},
  edition = {Second},
  year = {1978},
  publisher = {McGraw-Hill},
  isbn = {0070342075},
  link = {https://isbndb.com/book/0070342075},
  note = {Una descripción inicial e influyente de la filosofía de programación de Unix.}
}

@book{Kern1983,
  author = {Brian W. Kernighan and Rob Pike},
  title = {The Unix Programming Environment},
  year = {1983},
  publisher = {Prentice-Hall},
  isbn = {013937681X},
  link = {https://isbndb.com/book/013937681X},
  note = {Una descripción inicial e influyente de Unix.}
}

@book{Kern1988,
  author = {Brian W. Kernighan and Dennis M. Ritchie},
  title = {The C Programming Language},
  edition = {Second},
  year = {1988},
  publisher = {Prentice-Hall},
  isbn = {0131103628},
  link = {https://isbndb.com/book/0131103628},
  note = {El libro que convirtió a C en un lenguaje de programación popular.}
}

@book{Kern1999,
  author = {Brian W. Kernighan and Rob Pike},
  title = {The Practice of Programming},
  year = {1999},
  publisher = {Addison-Wesley},
  isbn = {9788177582482},
  link = {https://isbndb.com/book/9788177582482},
  note = {Un manual de estilo de programación escrito por dos de los creadores de la informática moderna.}
}

@inproceedings{Keun2016a,
  author = {Hieke Keuning and Johan Jeuring and Bastiaan Heeren},
  title = {Towards a Systematic Review of Automated Feedback Generation for Programming Exercises},
  booktitle = {2016 Conference on Innovation and Technology in Computer Science Education ({ITiCSE'16})},
  year = {2016},
  publisher = {Association for Computing Machinery ({ACM})},
  doi = {10.1145/2899415.2899422},
  link = {https://doi.org/10.1145/2899415.2899422},
  local = {keuning-2016-automated-feedback-review.pdf},
  note = {Informa que las herramientas de autoevaluación a menudo no brindan retroalimentación sobre qué hacer a continuación y que los/las docentes no pueden adaptar fácilmente la mayoría de las herramientas a sus necesidades.}
}

@misc{Keun2016b,
  author = {Hieke Keuning and Johan Jeuring and Bastiaan Heeren},
  title = {Towards a Systematic Review of Automated Feedback Generation for Programming Exercises - Extended Version},
  year = {2016},
  howpublished = {Technical Report UU-CS-2016-001, Utrecht University},
  link = {http://www.cs.uu.nl/research/techreps/repo/CS-2016/2016-001.pdf},
  local = {keuning-2016-automated-feedback-review-tr.pdf},
  note = {Una mirada ampliada a los mensajes de devolución de las herramientas de autoevaluación.}
}

@inproceedings{Kim2017,
  author = {Ada S. Kim and Amy J. Ko},
  title = {A Pedagogical Analysis of Online Coding Tutorials},
  booktitle = {2017 Technical Symposium on Computer Science Education ({SIGCSE'17})},
  year = {2017},
  publisher = {Association for Computing Machinery ({ACM})},
  doi = {10.1145/3017680.3017728},
  link = {https://doi.org/10.1145/3017680.3017728},
  local = {kim-2017-online-coding-tutorials.pdf},
  note = {Informa que los tutoriales de programación en línea enseñan en gran medida contenido similar, organizan el contenido de abajo hacia arriba y brindan prácticas dirigidas a objetivos con retroalimentación inmediata, pero no se adaptan al conocimiento previo de programación de los/las estudiantes y generalmente no les dicen a los/las estudiantes cómo transferir y aplicar el conocimiento.}
}

@article{King1993,
  author = {Alison King},
  title = {From Sage on the Stage to Guide on the Side},
  journal = {College Teaching},
  volume = {41},
  number = {1},
  pages = {30--35},
  year = {1993},
  month = {1},
  publisher = {Informa {UK} Limited},
  doi = {10.1080/87567555.1993.9926781},
  link = {https://doi.org/10.1080/87567555.1993.9926781},
  local = {king-1993-guide-on-the-side.pdf},
  note = {Una propuesta incial para dar vuelta la clase.}
}

@book{Kirk1994,
  author = {Donald L. Kirkpatrick},
  title = {Evaluating Training Programs: The Four Levels},
  year = {1994},
  publisher = {Berrett-Koehle},
  isbn = {1881052494},
  link = {https://isbndb.com/book/9781881052494},
  note = {Define un modelo de cuatro niveles ampliamente utilizado para evaluar la formación.}
}

@article{Kirs2006,
  author = {Paul A. Kirschner and John Sweller and Richard E. Clark},
  title = {Why Minimal Guidance During Instruction does not Work: An Analysis of the Failure of Constructivist, Discovery, Problem-Based, Experiential, and Inquiry-Based Teaching},
  journal = {Educational Psychologist},
  volume = {41},
  number = {2},
  pages = {75--86},
  year = {2006},
  month = {6},
  publisher = {Informa {UK} Limited},
  doi = {10.1207/s15326985ep4102_1},
  link = {https://doi.org/10.1207/s15326985ep4102_1},
  local = {kirschner-2006-minimal-guidance-fails.pdf},
  note = {Sostiene que el aprendizaje basado en la indagación es menos efectivo para los/las principiantes que la instrucción guiada.}
}

@article{Kirs2013,
  author = {Paul A. Kirschner and Jeroen J. G. {van Merriënboer}},
  title = {Do Learners Really Know Best? {Urban} Legends in Education},
  journal = {Educational Psychologist},
  volume = {48},
  number = {3},
  pages = {169--183},
  year = {2013},
  month = {7},
  publisher = {Informa {UK} Limited},
  doi = {10.1080/00461520.2013.804395},
  link = {https://doi.org/10.1080/00461520.2013.804395},
  local = {kirschner-2013-do-learners-know-best.pdf},
  note = {Sostiene que tres mitos de aprendizaje (nativos/as digitales, estilos de aprendizaje y autoeducadores/as) reflejan la creencia errónea que los/las estudiantes saben qué es lo mejor para ellos/as y advierte que podemos estar en una espiral descendente en la que cada intento de que los/las investigadores/as de la educación refuten estos mitos confirma la creencia de sus oponentes de que la ciencia de la educación y el aprendizaje es pseudociencia.}
}

@article{Kirs2018,
  author = {Paul A. Kirschner and John Sweller and Femke Kirschner and Jimmy {Zambrano R.}},
  title = {From Cognitive Load Theory to Collaborative Cognitive Load Theory},
  journal = {International Journal of Computer-Supported Collaborative Learning},
  year = {2018},
  month = {4},
  publisher = {Springer Nature},
  doi = {10.1007/s11412-018-9277-y},
  link = {https://doi.org/10.1007/s11412-018-9277-y},
  local = {kirschner-2018-collaborative.pdf},
  note = {Extiende la teoría de la carga cognitiva para incluir aspectos colaborativos del aprendizaje.}
}

@inproceedings{Koed2015,
  author = {Kenneth R. Koedinger and Jihee Kim and Julianna Zhuxin Jia and Elizabeth A. McLaughlin and Norman L. Bier},
  title = {Learning is Not a Spectator Sport: Doing is Better than Watching for Learning from a MOOC},
  booktitle = {2015 Conference on Learning @ Scale ({L@S'15})},
  year = {2015},
  publisher = {Association for Computing Machinery ({ACM})},
  doi = {10.1145/2724660.2724681},
  link = {https://doi.org/10.1145/2724660.2724681},
  local = {koedinger-2015-doing-watching.pdf},
  note = {Mide los beneficios de hacer en lugar de mirar.}
}

@article{Koeh2013,
  author = {Matthew J. Koehler and Punya Mishra and William Cain},
  title = {What is Technological Pedagogical Content Knowledge ({TPACK})?},
  journal = {Journal of Education},
  volume = {193},
  number = {3},
  pages = {13-19},
  year = {2013},
  doi = {10.1177/002205741319300303},
  link = {uttps://doi.org/10.1177/002205741319300303},
  local = {koehler-2013-what-is-tpack.pdf},
  note = {Refina la discusión sobre el conocimiento de contenido pedagógico, agregando tecnología, y esboza estrategias para desarrollar la comprensión de cómo usarla.}
}

@inproceedings{Kohn2017,
  author = {Tobias Kohn},
  title = {Variable Evaluation: An Exploration of Novice Programmers' Understanding and Common Misconceptions},
  booktitle = {2017 Technical Symposium on Computer Science Education ({SIGCSE'17})},
  year = {2017},
  publisher = {Association for Computing Machinery ({ACM})},
  doi = {10.1145/3017680.3017724},
  link = {https://doi.org/10.1145/3017680.3017724},
  local = {kohn-2017-variable-evaluation.pdf},
  note = {Informa que los/las estudiantes a menudo creen en la evaluación retrasada o que las ecuaciones completas se almacenan en variables.}
}

@article{Koll2015,
  author = {Michael Kölling},
  title = {Lessons From the Design of Three Educational Programming Environments},
  journal = {International Journal of People-Oriented Programming},
  volume = {4},
  number = {1},
  pages = {5--32},
  year = {2015},
  month = {1},
  publisher = {{IGI} Global},
  doi = {10.4018/ijpop.2015010102},
  link = {https://doi.org/10.4018/ijpop.2015010102},
  local = {kolling-2015-lessons-learned.pdf},
  note = {Compara tres generaciones de entornos de programación destinados a un uso novato.}
}

@book{Krau2016,
  author = {Robert E. Kraut and Paul Resnick},
  title = {Building Successful Online Communities: Evidence-Based Social Design},
  year = {2016},
  publisher = {{MIT} Press},
  isbn = {0262528916},
  link = {https://isbndb.com/book/0262528916},
  note = {Resume lo que realmente sabemos sobre cómo crear comunidades en línea prósperas y por qué creemos que es cierto.}
}

@article{Krug1999,
  author = {Justin Kruger and David Dunning},
  title = {Unskilled and Unaware of it: How Difficulties in Recognizing One's Own Incompetence Lead to Inflated Self-Assessments},
  journal = {Journal of Personality and Social Psychology},
  volume = {77},
  number = {6},
  pages = {1121--1134},
  year = {1999},
  publisher = {American Psychological Association ({APA})},
  doi = {10.1037/0022-3514.77.6.1121},
  link = {https://doi.org/10.1037/0022-3514.77.6.1121},
  local = {kruger-1999-unskilled-unaware.pdf},
  note = {El informe original sobre el efecto Dunning-Kruger: cuanto menos sabe la gente, menos precisa es su estimación de su conocimiento.}
}

@book{Kuch2011,
  author = {Marc J. Kuchner},
  title = {Marketing for Scientists: How to Shine in Tough Times},
  year = {2011},
  publisher = {Island Press},
  isbn = {1597269948},
  link = {https://isbndb.com/book/1597269948},
  note = {Una guía breve y accesible para que las personas conozcan y se preocupen por tu trabajo.}
}

@article{Kuit2004,
  author = {Marja Kuittinen and Jorma Sajaniemi},
  title = {Teaching Roles of Variables in Elementary Programming Courses},
  journal = {{ACM} {SIGCSE} Bulletin},
  volume = {36},
  number = {3},
  pages = {57},
  year = {2004},
  month = {9},
  publisher = {Association for Computing Machinery ({ACM})},
  doi = {10.1145/1026487.1008014},
  link = {https://doi.org/10.1145/1026487.1008014},
  local = {kuittinen-2004-patterns.pdf},
  note = {Presenta algunos patrones utilizados en la programación para personas novatas y el valor pedagógico de enseñarlos.}
}

@article{Kulk2013,
  author = {Chinmay Kulkarni and Koh Pang Wei and Huy Le and Daniel Chia and Kathryn Papadopoulos and Justin Cheng and Daphne Koller and Scott R. Klemmer},
  title = {Peer and Self Assessment in Massive Online Classes},
  journal = {{ACM} Transactions on Computer-Human Interaction},
  volume = {20},
  number = {6},
  pages = {1--31},
  year = {2013},
  month = {12},
  publisher = {Association for Computing Machinery ({ACM})},
  doi = {10.1145/2505057},
  link = {https://doi.org/10.1145/2505057},
  local = {kulkarni-2013-peer-grading.pdf},
  note = {Muestra que la calificación por pares puede ser tan efectiva a escala como la calificación por personas expertas.}
}

@comment{LLL}

@article{Laba2008,
  author = {David F. Labaree},
  title = {The Winning Ways of a Losing Strategy: Educationalizing Social Problems in the {United States}},
  journal = {Educational Theory},
  volume = {58},
  number = {4},
  pages = {447--460},
  year = {2008},
  month = {11},
  publisher = {Wiley-Blackwell},
  doi = {10.1111/j.1741-5446.2008.00299.x},
  link = {https://doi.org/10.1111/j.1741-5446.2008.00299.x},
  local = {labaree-2008-educationalization.pdf},
  note = {Explora por qué Estados Unidos sigue impulsando la solución de problemas sociales a las instituciones educativas y por qué eso sigue sin funcionar.}
}

@article{Lach2018,
  author = {Michael Lachney},
  title = {Computational Communities: {African-American} Cultural Capital in Computer Science Education},
  journal = {Computer Science Education},
  pages = {1--22},
  year = {2018},
  month = {2},
  publisher = {Informa {UK} Limited},
  doi = {10.1080/08993408.2018.1429062},
  link = {https://doi.org/10.1080/08993408.2018.1429062},
  local = {lachney-2018-computational-communities.pdf},
  note = {Explora el uso de la representación comunitaria y la integración computacional para unir la computación y el capital cultural afroamericano en la educación informática.}
}

@book{Lake2018,
  author = {George Lakey},
  title = {How We Win: A Guide to Nonviolent Direct Action Campaigning},
  publisher = {Melville House},
  year = {2018},
  isbn = {978-1612197531},
  note = {Una breve guía basada en la experiencia para campañas efectivas.}
}

@book{Lang2013,
  author = {James M. Lang},
  title = {Cheating Lessons: Learning from Academic Dishonesty},
  year = {2013},
  publisher = {Harvard University Press},
  isbn = {0674724631},
  link = {https://isbndb.com/book/0674724631},
  note = {Explora por qué los/las estudiantes hacen trampa y cómo los cursos a menudo les dan incentivos para hacerlo.}
}

@book{Lang2016,
  author = {James M. Lang},
  title = {Small Teaching: Everyday Lessons from the Science of Learning},
  year = {2016},
  publisher = {Jossey-Bass},
  isbn = {9781118944493},
  link = {https://isbndb.com/book/9781118944493},
  note = {Presenta una selección de prácticas accesibles basadas en evidencia que los/las docentes pueden adoptar cuando tienen poco tiempo y pocos recursos.}
}

@article{Lazo1993,
  author = {Ard W. Lazonder and Hans {van der Meij}},
  title = {The Minimal Manual: Is Less Really More?},
  journal = {International Journal of Man-Machine Studies},
  volume = {39},
  number = {5},
  pages = {729--752},
  year = {1993},
  month = {11},
  publisher = {Elsevier},
  doi = {10.1006/imms.1993.1081},
  link = {https://doi.org/10.1006/imms.1993.1081},
  local = {lazonder-1993-minimal-instruction.pdf},
  note = {Informa que el enfoque manual mínimo para la instrucción supera a los enfoques tradicionales independientemente de la experiencia previa con computadoras.}
}

@inproceedings{Leak2017,
  author = {Mackenzie Leake and Colleen M. Lewis},
  title = {Recommendations for Designing {CS} Resource Sharing Sites for All Teachers},
  booktitle = {2017 Technical Symposium on Computer Science Education ({SIGCSE'17})},
  year = {2017},
  publisher = {Association for Computing Machinery ({ACM})},
  doi = {10.1145/3017680.3017780},
  link = {https://doi.org/10.1145/3017680.3017780},
  local = {leake-2017-resource-sharing.pdf},
  note = {Explora por qué los/las docentes de informática no utilizan sitios para compartir recursos y recomienda formas de hacer estos sitios más atractivos.}
}

@inproceedings{Lee2013,
  author = {Cynthia Bailey Lee},
  title = {Experience Report: {CS1} in {MATLAB} for Non-Majors, with Media Computation and Peer Instruction},
  booktitle = {2013 Technical Symposium on Computer Science Education ({SIGCSE'13})},
  year = {2013},
  publisher = {Association for Computing Machinery ({ACM})},
  doi = {10.1145/2445196.2445214},
  link = {https://doi.org/10.1145/2445196.2445214},
  local = {lee-2013-cs1-matlab.pdf},
  note = {Describe una adaptación de computación de medios a un curso de MATLAB de primer año.}
}

@misc{Lee2017,
  author = {Cynthia Bailey Lee},
  title = {What Can I Do Today to Create a More Inclusive Community in {CS}?},
  year = {2017},
  howpublished = {\url{http://bit.ly/2oynmSH}},
  local = {lee-2015-create-inclusive-community.pdf},
  note = {Una lista práctica de acciones que los/las docentes pueden hacer para que sus clases de computación sean más inclusivas.}
}

@book{Lemo2014,
  author = {Doug Lemov},
  title = {Teach Like a Champion 2.0: 62 Techniques that Put Students on the Path to College},
  year = {2014},
  publisher = {Jossey-Bass},
  isbn = {1118901851},
  link = {https://isbndb.com/book/1118901851},
  note = {Presenta 62 técnicas de aula extraídas del estudio intensivo de miles de horas de video de buenos/as docentes en acción.}
}

@inproceedings{Lewi2015,
  author = {Colleen M. Lewis and Niral Shah},
  title = {How Equity and Inequity Can Emerge in Pair Programming},
  booktitle = {2015 International Computing Education Research Conference ({ICER'15})},
  year = {2015},
  publisher = {Association for Computing Machinery ({ACM})},
  doi = {10.1145/2787622.2787716},
  link = {https://doi.org/10.1145/2787622.2787716},
  local = {lewis-2015-pair-programming-inequity.pdf},
  note = {Informa un estudio de programación en parejas en un aula de grado medio en el que las parejas menos equitativas eran las que buscaban completar la tarea rápidamente.}
}

@inproceedings{List2004,
  author = {Raymond Lister and Otto Seppälä and Beth Simon and Lynda Thomas and Elizabeth S. Adams and Sue Fitzgerald and William Fone and John Hamer and Morten Lindholm and Robert McCartney and Jan Erik Moström and Kate Sanders},
  title = {A Multi-National Study of Reading and Tracing Skills in Novice Programmers},
  booktitle = {2004 Conference on Innovation and Technology in Computer Science Education ({ITiCSE'04})},
  year = {2004},
  publisher = {Association for Computing Machinery ({ACM})},
  doi = {10.1145/1044550.1041673},
  link = {https://doi.org/10.1145/1044550.1041673},
  local = {lister-2004-multinational-reading-tracing-novice-programmers.pdf},
  note = {Informa que los/las estudiantes no son tan buenos para predecir el resultado de ejecutar un fragmento corto de código ni para seleccionar la finalización correcta.}
}

@article{List2009,
  author = {Raymond Lister and Colin Fidge and Donna Teague},
  title = {Further Evidence of a Relationship Between Explaining, Tracing and Writing Skills in Introductory Programming},
  journal = {{ACM} {SIGCSE} Bulletin},
  volume = {41},
  number = {3},
  pages = {161},
  year = {2009},
  month = {8},
  publisher = {Association for Computing Machinery ({ACM})},
  doi = {10.1145/1595496.1562930},
  link = {https://doi.org/10.1145/1595496.1562930},
  local = {lister-2009-explaining-tracing-writing-programming.pdf},
  note = {Replica estudios anteriores que muestran que los/las estudiantes que no pueden revisar el código generalmente no pueden explicarlo y que los/las estudiantes que tienden a desempeñarse razonablemente bien en las tareas de escritura de código también generalmente han adquirido la capacidad tanto de revisar el código como de explicarlo.}
}

@book{Litt2004,
  author = {Dennis Littky},
  title = {The Big Picture: Education Is Everyone's Business},
  year = {2004},
  publisher = {Association for Supervision \& Curriculum Development ({ASCD})},
  isbn = {0871209713},
  link = {https://isbndb.com/book/0871209713},
  note = {Ensayos sobre el propósito de la educación y cómo mejorar las escuelas.}
}

@article{Luxt2009,
  author = {Andrew Luxton-Reilly},
  title = {A Systematic Review of Tools That Support Peer Assessment},
  journal = {Computer Science Education},
  volume = {19},
  number = {4},
  pages = {209--232},
  year = {2009},
  month = {12},
  publisher = {Informa {UK} Limited},
  doi = {10.1080/08993400903384844},
  link = {https://doi.org/10.1080/08993400903384844},
  local = {luxtonreilly-2009-peer-assessment.pdf},
  note = {Relevamiento de herramientas de evaluación entre pares que pueden ser útiles en la educación informática.}
}

@inproceedings{Luxt2017,
  author = {Andrew Luxton-Reilly and Jacqueline Whalley and Brett A. Becker and Yingjun Cao and Roger McDermott and Claudio Mirolo and Andreas Mühling and Andrew Petersen and Kate Sanders and Simon},
  title = {Developing Assessments to Determine Mastery of Programming Fundamentals},
  booktitle = {2017 Conference on Innovation and Technology in Computer Science Education ({ITiCSE'17})},
  year = {2017},
  publisher = {Association for Computing Machinery ({ACM})},
  doi = {10.1145/3174781.3174784},
  link = {https://doi.org/10.1145/3174781.3174784},
  local = {luxtonreilly-2017-development-assessments.pdf},
  note = {Sintetiza el trabajo de muchos trabajos anteriores que determinan qué enseñan realmente los/las docentes de informática, cómo esas cosas dependen unas de otras y cómo se pueden evaluar.}
}

@comment{MMM}

@article{Macn2014,
  author = {Brooke N. Macnamara and David Z. Hambrick and Frederick L. Oswald},
  title = {Deliberate Practice and Performance in Music, Games, Sports, Education, and Professions: A Meta-Analysis},
  journal = {Psychological Science},
  volume = {25},
  number = {8},
  pages = {1608--1618},
  year = {2014},
  month = {7},
  publisher = {{SAGE} Publications},
  doi = {10.1177/0956797614535810},
  link = {https://doi.org/10.1177/0956797614535810},
  local = {macnamara-2014-deliberate-practice.pdf},
  note = {Un metaestudio sobre la efectividad de la práctica deliberada.}
}

@article{Magu2018,
  author = {Phil Maguire and Rebecca Maguire and Robert Kelly},
  title = {Using Automatic Machine Assessment to Teach Computer Programming},
  journal = {Computer Science Education},
  pages = {1--18},
  year = {2018},
  month = {2},
  publisher = {Informa {UK} Limited},
  doi = {10.1080/08993408.2018.1435113},
  link = {https://doi.org/10.1080/08993408.2018.1435113},
  local = {maguire-2018-automatic-assessment.pdf},
  note = {Informa que las pruebas semanales evaluadas por máquinas predicen mejor los puntajes de los exámenes que los laboratorios (pero que a los/las estudiantes no les gustó el sistema).}
}

@article{Malo2010,
  author = {John Maloney and Mitchel Resnick and Natalie Rusk and Brian Silverman and Evelyn Eastmond},
  title = {The {Scratch} Programming Language and Environment},
  journal = {{ACM} Transactions on Computing Education},
  volume = {10},
  number = {4},
  pages = {1--15},
  year = {2010},
  month = {11},
  publisher = {Association for Computing Machinery ({ACM})},
  doi = {10.1145/1868358.1868363},
  link = {https://doi.org/10.1145/1868358.1868363},
  local = {maloney-2010-scratch.pdf},
  note = {Resume el diseño de la primera generación de Scratch.}
}

@book{Majo2015,
  author = {Claire Howell Major and Michael S. Harris and Tod Zakrajsek},
  title = {Teaching for Learning: 101 Intentionally Designed Educational Activities to Put Students on the Path to Success},
  year = {2015},
  publisher = {Routledge},
  isbn = {0415699363},
  link = {https://isbndb.com/book/9780415699365},
  note = {Cataloga cien tipos diferentes de ejercicios para hacer con estudiantes.}
}

@book{Mann2015,
  author = {Mary Lynn Manns and Linda Rising},
  title = {Fearless Change: Patterns for Introducing New Ideas},
  year = {2015},
  publisher = {Addison-Wesley},
  isbn = {9780201741575},
  link = {https://isbndb.com/book/9780201741575},
  note = {Un catálogo de patrones para hacer que el cambio ocurra en grandes organizaciones.}
}

@inproceedings{Marc2011,
  author = {Guillaume Marceau and Kathi Fisler and Shriram Krishnamurthi},
  title = {Measuring the Effectiveness of Error Messages Designed for Novice Programmers},
  booktitle = {2011 Technical Symposium on Computer Science Education ({SIGCSE'11})},
  year = {2011},
  publisher = {Association for Computing Machinery ({ACM})},
  doi = {10.1145/1953163.1953308},
  link = {https://doi.org/10.1145/1953163.1953308},
  local = {marceau-2011-error-messages.pdf},
  note = {Examina las respuestas de nivel de edición a los mensajes de error e introduce una rúbrica útil para clasificar las respuestas de los/las usuarios/as a los errores.}
}

@article{Marg2015,
  author = {Anoush Margaryan and Manuela Bianco and Allison Littlejohn},
  title = {Instructional Quality of Massive Open Online Courses ({MOOCs})},
  journal = {Computers \& Education},
  volume = {80},
  pages = {77--83},
  year = {2015},
  month = {1},
  publisher = {Elsevier},
  doi = {10.1016/j.compedu.2014.08.005},
  link = {https://doi.org/10.1016/j.compedu.2014.08.005},
  local = {margaryan-2015-moocs.pdf},
  note = {Informa que la calidad del diseño instruccional en los cursos abiertos masivos en línea (MOOCs) es deficiente, pero que la organización y presentación del material es buena.}
}

@book{Marg2003,
  author = {Jane Margolis and Allan Fisher},
  title = {Unlocking the Clubhouse: Women in Computing},
  year = {2003},
  publisher = {{MIT} Press},
  isbn = {0262632691},
  link = {https://isbndb.com/book/0262632691},
  note = {Un informe innovador sobre el desequilibrio de género en la informática y los pasos que tomó Carnegie Mellon para abordar el problema.}
}

@book{Marg2010,
  author = {Jane Margolis and Rachel Estrella and Joanna Goode and Jennifer Jellison Holme and Kim Nao},
  title = {Stuck in the Shallow End: Education, Race, and Computing},
  year = {2010},
  publisher = {{MIT} Press},
  isbn = {0262514044},
  link = {https://isbndb.com/book/0262514044},
  note = {Analiza las estructuras escolares y los sistemas de creencias que conducen a una subrepresentación de estudiantes afroamericanos/as y latinos/as en informática.}
}

@inproceedings{Marg2012,
  author = {Lauren E. Margulieux and Mark Guzdial and Richard Catrambone},
  title = {Subgoal-labeled Instructional Material Improves Performance and Transfer in Learning to Develop Mobile Applications},
  booktitle = {2012 International Computing Education Research Conference ({ICER'12})},
  pages = {71--78},
  year = {2012},
  publisher = {{ACM} Press},
  doi = {10.1145/2361276.2361291},
  local = {margulieux-2012-subgoals.pdf},
  note = {Reporta que los sub\-objetivos con etiquetas mejoran los resultados y la transferencia al aprender sobre el desarrollo de aplicaciones móviles.}
}

@article{Marg2016,
  author = {Lauren E. Margulieux and Richard Catrambone and Mark Guzdial},
  title = {Employing Subgoals in Computer Programming Education},
  journal = {Computer Science Education},
  volume = {26},
  number = {1},
  pages = {44--67},
  year = {2016},
  month = {1},
  publisher = {Informa {UK} Limited},
  doi = {10.1080/08993408.2016.1144429},
  link = {https://doi.org/10.1080/08993408.2016.1144429},
  local = {margulieux-2016-subgoals.pdf},
  note = {Reporta que los sub\-objetivos etiquetados mejoran los resultados del aprendizaje en los cursos de introducción a la informática.}
}

@article{Mark2018,
  author = {Rebecca A. Markovits and Yana Weinstein},
  title = {Can Cognitive Processes Help Explain the Success of Instructional Techniques Recommended by Behavior Analysts?},
  journal = {NPJ Science of Learning},
  volume = {3},
  number = {1},
  year = {2018},
  month = {1},
  publisher = {Springer Nature},
  doi = {10.1038/s41539-017-0018-1},
  link = {https://doi.org/10.1038/s41539-017-0018-1},
  local = {markovits-2018-cognitive-process.pdf},
  note = {Señala que los/as conductistas y los/as psicólogos/as cognitivos difieren en el enfoque, pero terminan haciendo recomendaciones muy similares sobre cómo enseñar, y da dos ejemplos específicos.}
}

@article{Mars2002,
  author = {Herbert W. Marsh and John Hattie},
  title = {The Relation Between Research Productivity and Teaching Effectiveness: Complementary, Antagonistic, or Independent Constructs?},
  journal = {Journal of Higher Education},
  volume = {73},
  number = {5},
  pages = {603--641},
  year = {2002},
  publisher = {Informa {UK} Limited},
  doi = {10.1353/jhe.2002.0047},
  link = {https://doi.org/10.1353/jhe.2002.0047},
  local = {marsh-2002-effectiveness.pdf},
  note = {Uno de muchos estudios que muestra que no hay correlación entre la capacidad de investigación y la eficacia en la enseñanza.}
}

@inproceedings{Masa2018,
  author = {Susana Masapanta-Carrión and J. Ángel Velázquez-Iturbide},
  title = {A Systematic Review of the Use of {Bloom's Taxonomy} in Computer Science Education},
  booktitle = {2018 Technical Symposium on Computer Science Education ({SIGCSE'18})},
  year = {2018},
  publisher = {Association for Computing Machinery ({ACM})},
  doi = {10.1145/3159450.3159491},
  link = {https://doi.org/10.1145/3159450.3159491},
  local = {masapantacarrion-2018-blooms-cs-ed.pdf},
  note = {Informa que incluso docentes experimentados/as tienen problemas para ponerse de acuerdo sobre la clasificación correcta para una pregunta o idea utilizando la taxonomía de Bloom.}
}

@article{Maso2016,
  author = {Raina Mason and Carolyn Seton and Graham Cooper},
  title = {Applying Cognitive Load Theory to the Redesign of a Conventional Database Systems Course},
  journal = {Computer Science Education},
  volume = {26},
  number = {1},
  pages = {68--87},
  year = {2016},
  month = {1},
  publisher = {Informa {UK} Limited},
  doi = {10.1080/08993408.2016.1160597},
  link = {https://doi.org/10.1080/08993408.2016.1160597},
  local = {mason-2016-cognitive-load-redesign.pdf},
  note = {Informa cómo el rediseño de un curso de base de datos utilizando la teoría de la carga cognitiva redujo la tasa de desaprobación y al mismo tiempo aumentó la satisfacción de los/las estudiantes.}
}

@book{Matt2019,
  author = {Eric Matthes},
  title = {Python Flash Cards: Syntax, Concepts, and Examples},
  publisher = {No Starch Press},
  year = {2019},
  isbn = {978-1593278960},
  note = {Prácticas tarjetas didácticas que resumen lo principal de Python 3.}
}

@article{Maye2003,
  author = {Richard E. Mayer and Roxana Moreno},
  title = {Nine Ways to Reduce Cognitive Load in Multimedia Learning},
  journal = {Educational Psychologist},
  volume = {38},
  number = {1},
  pages = {43--52},
  year = {2003},
  month = {3},
  publisher = {Informa {UK} Limited},
  doi = {10.1207/s15326985ep3801_6},
  link = {https://doi.org/10.1207/s15326985ep3801_6},
  local = {mayer-2003-reduce-cognitive-load.pdf},
  note = {Muestra cómo la investigación sobre cómo absorbemos y procesamos la información se puede aplicar al diseño de materiales de enseñanza.}
}

@article{Maye2004,
  author = {Richard E. Mayer},
  title = {Teaching of Subject Matter},
  journal = {Annual Review of Psychology},
  volume = {55},
  number = {1},
  pages = {715--744},
  year = {2004},
  month = {2},
  publisher = {Annual Reviews},
  doi = {10.1146/annurev.psych.55.082602.133124},
  link = {https://doi.org/10.1146/annurev.psych.55.082602.133124},
  local = {mayer-2004-subject-matter.pdf},
  note = {Una descripción general de cómo y por qué la enseñanza y el aprendizaje son específicos de una asignatura.}
}

@book{Maye2009,
  author = {Richard E. Mayer},
  title = {Multimedia Learning},
  edition = {Second},
  year = {2009},
  publisher = {Cambridge University Press},
  isbn = {9780521735353},
  link = {https://isbndb.com/book/9780521735353},
  note = {Presenta una teoría cognitiva del aprendizaje multimedia.}
}

@book{Mazu1996,
  author = {Eric Mazur},
  title = {Peer Instruction: A User's Manual},
  year = {1996},
  publisher = {Prentice-Hall},
  note = {Una guía para implementar la instrucción entre pares.}
}

@article{McCa2008,
  author = {Renée McCauley and Sue Fitzgerald and Gary Lewandowski and Laurie Murphy and Beth Simon and Lynda Thomas and Carol Zander},
  title = {Debugging: A Review of the Literature from an Educational Perspective},
  journal = {Computer Science Education},
  volume = {18},
  number = {2},
  pages = {67--92},
  year = {2008},
  month = {6},
  publisher = {Informa {UK} Limited},
  doi = {10.1080/08993400802114581},
  link = {https://doi.org/10.1080/08993400802114581},
  local = {mccauley-2008-debugging.pdf},
  note = {Resume la investigación sobre por qué ocurren los errores, qué tipos de errores hay, cómo las personas depuran código y si podemos enseñar habilidades de depuración.}
}

@inproceedings{McCr2001,
  author = {Michael McCracken and Tadeusz Wilusz and Vicki Almstrum and Danny Diaz and Mark Guzdial and Dianne Hagan and Yifat Ben-David Kolikant and Cary Laxer and Lynda Thomas and Ian Utting},
  title = {A Multi-National, Multi-Institutional Study of Assessment of Programming Skills of First-Year {CS} Students},
  booktitle = {2001 Conference on Innovation and Technology in Computer Science Education ({ITiCSE'01})},
  year = {2001},
  publisher = {Association for Computing Machinery ({ACM})},
  doi = {10.1145/572133.572137},
  link = {https://doi.org/10.1145/572133.572137},
  local = {mccracken-2001-c1-skills.pdf},
  note = {Informa que la mayoría de los/las estudiantes todavía tienen dificultades para resolver incluso los problemas básicos de programación al final de su curso introductorio.}
}

@article{McDo2006,
  author = {Charlie McDowell and Linda Werner and Heather E. Bullock and Julian Fernald},
  title = {Pair Programming Improves Student Retention, Confidence, and Program Quality},
  journal = {Communications of the {ACM}},
  volume = {49},
  number = {8},
  pages = {90--95},
  year = {2006},
  month = {8},
  publisher = {Association for Computing Machinery ({ACM})},
  doi = {10.1145/1145287.1145293},
  link = {https://doi.org/10.1145/1145287.1145293},
  local = {mcdowell-2006-pair-programming.pdf},
  note = {Un resumen de la investigación que muestra que la programación en parejas mejora la retención y la confianza.}
}

@book{McGu2015,
  author = {Saundra Yancey McGuire},
  title = {Teach Students How to Learn: Strategies You Can Incorporate Into Any Course to Improve Student Metacognition, Study Skills, and Motivation},
  year = {2015},
  publisher = {Stylus Publishing},
  isbn = {162036316X},
  link = {https://isbndb.com/book/162036316X},
  note = {Explica cómo las estrategias metacognitivas pueden mejorar el aprendizaje.}
}

@book{McMi2017,
  author = {Tressie {McMillan Cottom}},
  title = {Lower Ed: The Troubling Rise of For-Profit Colleges in the New Economy},
  year = {2017},
  publisher = {The New Press},
  isbn = {1620970600},
  link = {https://isbndb.com/book/1620970600},
  note = {Pone al descubierto la dinámica de la creciente industria de la educación para mostrar cómo conduce a una mayor desigualdad en lugar de a una menor.}
}

@misc{McTi2013,
  author = {Jay McTighe and Grant Wiggins},
  title = {Understanding by Design Framework},
  year = {2013},
  publisher = {Association for Supervision \& Curriculum Development ({ASCD})},
  howpublished = {\url{http://www.ascd.org/ASCD/pdf/siteASCD/publications/UbD_WhitePaper0312.pdf}},
  local = {mctighe-2013-ubd-white-paper.pdf},
  note = {Resume el proceso de diseño instruccional de atrás hacia adelante.}
}

@article{Metc2016,
  author = {Janet Metcalfe},
  title = {Learning from Errors},
  journal = {Annual Review of Psychology},
  volume = {68},
  number = {1},
  pages = {465--489},
  year = {2016},
  month = {1},
  publisher = {Annual Reviews},
  doi = {10.1146/annurev-psych-010416-044022},
  link = {https://doi.org/10.1146/annurev-psych-010416-044022},
  local = {metcalfe-2016-learning-from-errors.pdf},
  note = {Resume el trabajo sobre el efecto de hipercorrección en el aprendizaje.}
}

@inproceedings{Meys2018,
  author = {Mark Meysenburg and Tessa Durham Brooks and Raychelle Burks and Erin Doyle and Timothy Frey},
  title = {{DIVAS}: Outreach to the Natural Sciences Through Image Processing},
  booktitle = {2018 Technical Symposium on Computer Science Education ({SIGCSE'18})},
  year = {2018},
  publisher = {Association for Computing Machinery ({ACM})},
  doi = {10.1145/3159450.3159537},
  link = {https://doi.org/10.1145/3159450.3159537},
  local = {meysenburg-2018-image-processing-outreach.pdf},
  note = {Describe los primeros resultados de un curso de programación para estudiantes de ciencias basado en el procesamiento de imágenes.}
}

@book{Midw2010,
  author = {{Midwest Academy}},
  title = {Organizing for Social Change: Midwest Academy Manual for Activists},
  edition = {Fourth},
  year = {2010},
  publisher = {The Forum Press},
  isbn = {0984275215},
  link = {https://isbndb.com/book/0984275215},
  note = {Un manual de formación para personas que construyen movimientos sociales progresistas.}
}

@article{Mill1956,
  author = {George A. Miller},
  title = {The Magical Number Seven, Plus or Minus Two: Some Limits on Our Capacity for Processing Information},
  journal = {Psychological Review},
  volume = {63},
  number = {2},
  pages = {81--97},
  year = {1956},
  publisher = {American Psychological Association ({APA})},
  doi = {10.1037/h0043158},
  link = {https://doi.org/10.1037/h0043158},
  local = {miller-1956-magical-number.pdf},
  note = {El documento original sobre el tamaño limitado de la memoria a corto plazo.}
}

@article{Mill2013,
  author = {Kelly Miller and Nathaniel Lasry and Kelvin Chu and Eric Mazur},
  title = {Role of Physics Lecture Demonstrations in Conceptual Learning},
  journal = {Physical Review Special Topics - Physics Education Research},
  volume = {9},
  number = {2},
  year = {2013},
  month = {9},
  publisher = {American Physical Society ({APS})},
  doi = {10.1103/physrevstper.9.020113},
  link = {https://doi.org/10.1103/physrevstper.9.020113},
  local = {miller-2013-predictions.pdf},
  note = {Informa un estudio detallado de lo que los/las estudiantes aprenden durante las demostraciones y por qué.}
}

@article{Mill2015,
  author = {David I. Miller and Jonathan Wai},
  title = {The Bachelor's to Ph.D. {STEM} Pipeline No Longer Leaks More Women Than Men: a 30-year Analysis},
  journal = {Frontiers in Psychology},
  volume = {6},
  year = {2015},
  month = {2},
  publisher = {Frontiers Media {SA}},
  doi = {10.3389/fpsyg.2015.00037},
  link = {https://doi.org/10.3389/fpsyg.2015.00037},
  local = {miller-2015-pipeline.pdf},
  note = {Muestra que la metáfora de la ``tubería con fugas'' dejó de ser precisa en algún momento de la década de 1990.}
}

@book{Mill2016a,
  author = {Michelle D. Miller},
  title = {Minds Online: Teaching Effectively with Technology},
  year = {2016},
  publisher = {Harvard University Press},
  isbn = {0674660021},
  link = {https://isbndb.com/book/0674660021},
  note = {Describe las formas en que los conocimientos de la neurociencia se pueden utilizar para mejorar la enseñanza en línea.}
}

@inproceedings{Mill2016b,
  author = {Craig S. Miller and Amber Settle},
  title = {Some Trouble with Transparency: An Analysis of Student Errors with Object-Oriented {Python}},
  booktitle = {2016 International Computing Education Research Conference ({ICER'16})},
  year = {2016},
  publisher = {Association for Computing Machinery ({ACM})},
  doi = {10.1145/2960310.2960327},
  link = {https://doi.org/10.1145/2960310.2960327},
  local = {miller-2016-python-self.pdf},
  note = {Informa que los/las estudiantes tienen dificultades con self en Python.}
}

@article{Milt2018,
  author = {Kate M. Miltner},
  title = {Girls Who Coded: Gender in Twentieth Century {U.K.} and {U.S.} Computing},
  journal = {Science, Technology, {\&} Human Values},
  year = {2018},
  month = {5},
  publisher = {{SAGE} Publications},
  doi = {10.1177/0162243918770287},
  link = {https://doi.org/10.1177/0162243918770287},
  local = {miltner-2018-girls-who-coded.pdf},
  note = {Una revisión de tres libros sobre cómo las mujeres fueron expulsadas sistemáticamente de la informática.}
}

@article{Mina1986,
  author = {Anne Minahan},
  title = {Martha's Rules},
  journal = {Affilia},
  volume = {1},
  number = {2},
  pages = {53--56},
  month = {6},
  year = {1986},
  publisher = {{SAGE} Publications},
  doi = {10.1177/088610998600100206},
  note = {Describe un conjunto ligero de reglas para la toma de decisiones basada en consenso.}
}

@article{Miya2018,
  author = {Toshiya Miyatsu and Khuyen Nguyen and Mark A. McDaniel},
  title = {Five Popular Study Strategies: Their Pitfalls and Optimal Implementations},
  journal = {Perspectives on Psychological Science},
  volume = {13},
  number = {3},
  pages = {390--407},
  year = {2018},
  month = {5},
  publisher = {{SAGE} Publications},
  doi = {10.1177/1745691617710510},
  link = {https://doi.org/10.1177/1745691617710510},
  local = {miyatsu-2018-study-strategies.pdf},
  note = {Explica cómo los/las estudiantes hacen un mal uso de las estrategias de estudio comunes y qué deberían hacer en su lugar.}
}

@article{Mlad2017,
  author = {Monika Mladenović and Ivica Boljat and Žana Žanko},
  title = {Comparing Loops Misconceptions in Block-Based and Text-Based Programming Languages at the {K-12} Level},
  journal = {Education and Information Technologies},
  year = {2017},
  month = {11},
  publisher = {Springer Nature},
  doi = {10.1007/s10639-017-9673-3},
  link = {https://doi.org/10.1007/s10639-017-9673-3},
  local = {mladenovic-2017-loop-misconceptions.pdf},
  note = {Informa que los/las estudiantes de K-12 tienen menos conceptos erróneos sobre los bucles con Scratch que con Logo o Python, y menos conceptos erróneos sobre los bucles anidados con Logo que con Python.}
}

@article{More2019,
  author = {Kayla Morehead and John Dunlosky and Katherine A. Rawson},
  title = {How Much Mightier Is the Pen than the Keyboard for Note-Taking? A Replication and Extension of Mueller and Oppenheimer (2014)},
  journal = {Educational Psychology Review},
  month = {2},
  year  = {2019},
  publisher = {Springer Nature},
  doi = {10.1007/s10648-019-09468-2},
  note = {Informa que no se pudo reproducir un estudio anterior que comparaba la toma de notas a mano y con computadoras.}
}

@inproceedings{Morr2016,
  author = {Briana B. Morrison and Lauren E. Margulieux and Barbara J. Ericson and Mark Guzdial},
  title = {Subgoals Help Students Solve {Parsons Problems}},
  booktitle = {2016 Technical Symposium on Computer Science Education ({SIGCSE'16})},
  year = {2016},
  publisher = {Association for Computing Machinery ({ACM})},
  doi = {10.1145/2839509.2844617},
  link = {https://doi.org/10.1145/2839509.2844617},
  local = {morrison-2016-subgoal-parsons.pdf},
  note = {Informa que los/las estudiantes que usan sub\-objetivos etiquetados resuelven los problemas de Parsons mejor que los estudiantes sin sub\-objetivos etiquetados.}
}

@article{Muel2014,
  author = {Pam A. Mueller and Daniel M. Oppenheimer},
  title = {The Pen is Mightier than the Keyboard},
  journal = {Psychological Science},
  volume = {25},
  number = {6},
  pages = {1159--1168},
  year = {2014},
  month = {4},
  publisher = {{SAGE} Publications},
  doi = {10.1177/0956797614524581},
  link = {https://doi.org/10.1177/0956797614524581},
  local = {mueller-2014-note-taking.pdf},
  note = {Presenta evidencia de que tomar notas a mano es más efectivo que tomar notas en una computadora portátil.}
}

@article{Mull2007a,
  author = {Derek A. Muller and James Bewes and Manjula D. Sharma and Peter Reimann},
  title = {Saying the Wrong Thing: Improving Learning with Multimedia by Including Misconceptions},
  journal = {Journal of Computer Assisted Learning},
  volume = {24},
  number = {2},
  pages = {144--155},
  year = {2007},
  month = {7},
  publisher = {Wiley-Blackwell},
  doi = {10.1111/j.1365-2729.2007.00248.x},
  link = {https://doi.org/10.1111/j.1365-2729.2007.00248.x},
  local = {muller-2007-misconceptions.pdf},
  note = {Informa que incluir una discusión explícita sobre conceptos erróneos mejora significativamente los resultados del aprendizaje: los/las estudiantes con pocos conocimientos previos son quienes más se benefician y los/las estudiantes con más conocimientos previos no están en desventaja.}
}

@inproceedings{Mull2007b,
  author = {Orna Muller and David Ginat and Bruria Haberman},
  title = {Pattern-Oriented Instruction and Its Influence on Problem Decomposition and Solution Construction},
  booktitle = {2007 Technical Symposium on Computer Science Education ({SIGCSE'07})},
  year = {2007},
  publisher = {Association for Computing Machinery ({ACM})},
  doi = {10.1145/1268784.1268830},
  link = {https://doi.org/10.1145/1268784.1268830},
  local = {muller-2007-pattern-oriented-instruction.pdf},
  note = {Informa que la enseñanza explícita de patrones de solución mejora los resultados del aprendizaje.}
}

@article{Murp2008,
  author = {Laurie Murphy and Gary Lewandowski and Renée McCauley and Beth Simon and Lynda Thomas and Carol Zander},
  title = {Debugging: The Good, the Bad, and the Quirky - A Qualitative Analysis of Novices' Strategies},
  journal = {{ACM} {SIGCSE} Bulletin},
  volume = {40},
  number = {1},
  pages = {163},
  year = {2008},
  month = {2},
  publisher = {Association for Computing Machinery ({ACM})},
  doi = {10.1145/1352322.1352191},
  link = {https://doi.org/10.1145/1352322.1352191},
  local = {murphy-2008-debugging.pdf},
  note = {Informa que muchos/as estudiantes de CS1 usan buenas estrategias de depuración, pero muchos/as otros/as no lo hacen, y los/las estudiantes a menudo no reconocen cuando están atascados/as.}
}

@comment{NNN}

@inproceedings{Nara2018,
  author = {Sathya Narayanan and Kathryn Cunningham and Sonia Arteaga and William J. Welch and Leslie Maxwell and Zechariah Chawinga and Bude Su},
  title = {Upward Mobility for Underrepresented Students},
  booktitle = {2018 Technical Symposium on Computer Science Education ({SIGCSE'18})},
  year = {2018},
  publisher = {Association for Computing Machinery ({ACM})},
  doi = {10.1145/3159450.3159551},
  link = {https://doi.org/10.1145/3159450.3159551},
  local = {narayanan-2018-upward-mobility.pdf},
  note = {Describe un programa de licenciatura intensivo de tres años basado en cohortes muy unidas y apoyo administrativo que triplicó las tasas de graduación.}
}

@article{Nath2003,
  author = {Mitchell J. Nathan and Anthony Petrosino},
  title = {Expert Blind Spot Among Preservice Teachers},
  journal = {American Educational Research Journal},
  volume = {40},
  number = {4},
  pages = {905--928},
  year = {2003},
  month = {1},
  doi = {10.3102/00028312040004905},
  link = {https://doi.org/10.3102/00028312040004905},
  local = {nathan-2003-expert-blind-spot.pdf},
  note = {Trabajo inicial sobre punto ciego del experto/a.}
}

@book{Hpl2018,
  author = {{National Academies of Sciences, Engineering, and Medicine}},
  title = {How People Learn II: Learners, Contexts, and Cultures},
  year = {2018},
  publisher = {National Academies Press},
  isbn = {978-0309459648},
  note = {Un relevamiento completo de lo que sabemos sobre el aprendizaje.}
}

@book{Nils2017,
  author = {Linda B. Nilson and Ludwika A. Goodson},
  title = {Online Teaching at Its Best: Merging Instructional Design with Teaching and Learning Research},
  year = {2017},
  publisher = {Jossey-Bass},
  isbn = {1119242290},
  link = {https://isbndb.com/book/1119242290},
  note = {Una guía para instructores/as universitarios/as que se centra en la enseñanza en línea.}
}

@misc{Nord2017,
  author = {Emily Nordmann and Colin Calder and Paul Bishop and Amy Irwin and Darren Comber},
  title = {Turn Up, Tune In, Don'T Drop Out: The Relationship Between Lecture Attendance, Use of Lecture Recordings, and Achievement at Different Levels of Study},
  year = {2017},
  howpublished = {\url{https://psyarxiv.com/fd3yj}},
  doi = {10.17605/OSF.IO/FD3YJ},
  local = {nordmann-2017-recording.pdf},
  note = {Informa sobre los pros y contras de grabar conferencias.}
}

@article{Nutb2016,
  author = {Stephen Nutbrown and Colin Higgins},
  title = {Static Analysis of Programming Exercises: Fairness, Usefulness and a Method for Application},
  journal = {Computer Science Education},
  volume = {26},
  number = {2-3},
  pages = {104--128},
  year = {2016},
  month = {5},
  publisher = {Informa {UK} Limited},
  doi = {10.1080/08993408.2016.1179865},
  link = {https://doi.org/10.1080/08993408.2016.1179865},
  local = {nutbrown-2016-static-analysis.pdf},
  note = {Describe las formas en que se modificaron las reglas de autoevaluación y se ponderaron las calificaciones para mejorar la correlación entre la retroalimentación automática y las calificaciones manuales.}
}

@book{Nuth2007,
  author = {Graham Nuthall},
  title = {The Hidden Lives of Learners},
  year = {2007},
  publisher = {{NZCER} Press},
  isbn = {1877398241},
  note = {Resume toda una vida de trabajo observando lo que los/las estudiantes hacen realmente en las aulas y cómo aprenden realmente.}
}

@comment{OOO}

@book{Ojos2015,
  author = {Bobby Ojose},
  title = {Common Misconceptions in Mathematics: Strategies to Correct Them},
  year = {2015},
  publisher = {UPA},
  isbn = {0761858857},
  note = {Un catálogo de conceptos erróneos de K-12 en matemáticas y qué hacer al respecto.}
}

@article{Ornd2015,
  author = {Harold N. {Orndorff III}},
  title = {Collaborative Note-Taking: The Impact of Cloud Computing on Classroom Performance},
  journal = {International Journal of Teaching and Learning in Higher Education},
  volume = {27},
  number = {3},
  pages = {340--351},
  year = {2015},
  local = {orndorff-2015-collaborative-notetaking.pdf},
  note = {Informa que tomar notas de forma colaborativa en línea es más efectivo que tomar notas de forma individual.}
}

@book{Ostr2015,
  author = {Elinor Ostrom},
  title = {Governing the Commons: The Evolution of Institutions for Collective Action},
  publisher = {Cambridge University Press},
  year = {2015},
  isbn = {978-1107569782},
  note = {Una descripción y un análisis magistrales de la gobernanza cooperativa.}
}

@comment{PPP}

@book{Pape1993,
  author = {Seymour A. Papert},
  title = {Mindstorms: Children, Computers, and Powerful Ideas},
  edition = {Second},
  year = {1993},
  publisher = {Basic Books},
  isbn = {0465046746},
  link = {https://isbndb.com/book/9780465046744},
  note = {El texto fundacional sobre cómo las computadoras pueden respaldar un nuevo tipo de educación.}
}

@article{Pare2008,
  author = {Dwayne E. Paré and Steve Joordens},
  title = {Peering Into Large Lectures: Examining Peer and Expert Mark Agreement Using {peerScholar}, an Online Peer Assessment Tool},
  journal = {Journal of Computer Assisted Learning},
  volume = {24},
  number = {6},
  pages = {526--540},
  year = {2008},
  month = {10},
  publisher = {Wiley-Blackwell},
  doi = {10.1111/j.1365-2729.2008.00290.x},
  link = {https://doi.org/10.1111/j.1365-2729.2008.00290.x},
  local = {pare-2008-peer-scholar.pdf},
  note = {Muestra que la calificación entre pares por grupos pequeños puede ser tan efectiva como la calificación de expertos una vez que se introducen las funciones de responsabilidad.}
}

@article{Park2015,
  author = {Thomas H. Park and Brian Dorn and Andrea Forte},
  title = {An Analysis of {HTML} and {CSS} Syntax Errors in a Web Development Course},
  journal = {{ACM} Transactions on Computing Education},
  volume = {15},
  number = {1},
  pages = {1--21},
  year = {2015},
  month = {3},
  publisher = {Association for Computing Machinery ({ACM})},
  doi = {10.1145/2700514},
  link = {https://doi.org/10.1145/2700514},
  local = {park-2015-web-errors.pdf},
  note = {Describe los errores que cometen los/las estudiantes en un curso de introducción a HTML y CSS.}
}

@inproceedings{Park2016,
  author = {Miranda C. Parker and Mark Guzdial and Shelly Engleman},
  title = {Replication, Validation, and Use of a Language Independent {CS1} Knowledge Assessment},
  booktitle = {2016 International Computing Education Research Conference ({ICER'16})},
  year = {2016},
  publisher = {Association for Computing Machinery ({ACM})},
  doi = {10.1145/2960310.2960316},
  link = {https://doi.org/10.1145/2960310.2960316},
  local = {parker-2016-replicating-scs1.pdf},
  note = {Describe la construcción y replicación de un segundo inventario de conceptos para conocimientos básicos de computación.}
}

@article{Parn1986,
  author = {David Lorge Parnas and Paul C. Clements},
  title = {A Rational Design Process: How and Why to Fake It},
  journal = {{IEEE} Transactions on Software Engineering},
  volume = {{SE}-12},
  number = {2},
  pages = {251--257},
  year = {1986},
  month = {2},
  publisher = {Institute of Electrical and Electronics Engineers ({IEEE})},
  doi = {10.1109/tse.1986.6312940},
  link = {https://doi.org/10.1109/tse.1986.6312940},
  local = {parnas-1986-fake-it.pdf},
  note = {Sostiene que usar un proceso de diseño racional es menos importante que lucir como si lo hubiera hecho.}
}

@inproceedings{Parn2017,
  author = {Chris Parnin and Janet Siegmund and Norman Peitek},
  title = {On the Nature of Programmer Expertise},
  booktitle = {Psychology of Programming Interest Group Workshop 2017},
  year = {2017},
  link = {http://chrisparnin.me/pdf/experts.pdf},
  local = {parnin-2017-expertise.pdf},
  note = {Una exploración comentada de lo que significa ``experiencia'' en programación.}
}

@inproceedings{Pars2006,
  author = {Dale Parsons and Patricia Haden},
  title = {{Parson's} Programming Puzzles: A Fun and Effective Learning Tool for First Programming Courses},
  booktitle = {2006 Australasian Conference on Computing Education ({ACE'06})},
  pages = {157--163},
  year = {2006},
  publisher = {Australian Computer Society},
  link = {https://dl.acm.org/citation.cfm?id=1151869.1151890},
  local = {parson-2006-parsons-problems.pdf},
  note = {La primera descripción de los problemas de Parson.}
}

@misc{Part2011,
  author = {Anu Partanen},
  title = {What Americans Keep Ignoring About Finland's School Success},
  howpublished = {https://www.theatlantic.com/national/archive/2011/12/what-americans-keep-ignoring-about-finlands-school-success/250564/},
  year = {2011},
  note = {Explica que otros países no pueden replicar el éxito de las escuelas de Finlandia porque no están dispuestos a abordar factores sociales más importantes.}
}

@inproceedings{Pati2016,
  author = {Elizabeth Patitsas and Jesse Berlin and Michelle Craig and Steve Easterbrook},
  title = {Evidence that Computer Science Grades are not Bimodal},
  booktitle = {2016 International Computing Education Research Conference ({ICER'16})},
  year = {2016},
  publisher = {Association for Computing Machinery ({ACM})},
  doi = {10.1145/2960310.2960312},
  link = {https://doi.org/10.1145/2960310.2960312},
  local = {patitsas-2016-bimodal.pdf},
  note = {Presenta un análisis estadístico y un experimento que en conjunto muestran que las notas en las clases de informática no son bimodales.}
}

@article{Pea1986,
  author = {Roy D. Pea},
  title = {Language-Independent Conceptual ``Bugs'' in Novice Programming},
  journal = {Journal of Educational Computing Research},
  volume = {2},
  number = {1},
  pages = {25--36},
  year = {1986},
  month = {2},
  publisher = {{SAGE} Publications},
  doi = {10.2190/689t-1r2a-x4w4-29j2},
  link = {https://doi.org/10.2190/689t-1r2a-x4w4-29j2},
  local = {pea-1986-bugs.pdf},
  note = {Llamado el ``super error'' en la programación: la mayoría de los/las principiantes piensan que la computadora entiende lo que quieren hacer, de la misma manera que lo haría un ser humano.}
}

@book{Petr2016,
  author = {Marian Petre and André {van der Hoek}},
  title = {Software Design Decoded: 66 Ways Experts Think},
  year = {2016},
  publisher = {{MIT} Press},
  isbn = {0262035189},
  link = {https://isbndb.com/book/0262035189},
  note = {Una breve descripción ilustrada de cómo piensan los/las expertos/as en desarrollo de software.}
}

@book{Pign2016,
  author = {Alessandra Pigni},
  title = {The Idealist's Survival Kit: 75 Simple Ways to Prevent Burnout},
  year = {2016},
  publisher = {Parallax Press},
  isbn = {1941529348},
  link = {https://isbndb.com/book/1941529348},
  note = {Una guía para mantenerse cuerdo/a y saludable mientras haces el bien.}
}

@article{Port2013,
  author = {Leo Porter and Mark Guzdial and Charlie McDowell and Beth Simon},
  title = {Success in Introductory Programming: What Works?},
  journal = {Communications of the {ACM}},
  volume = {56},
  number = {8},
  pages = {34},
  year = {2013},
  month = {8},
  publisher = {Association for Computing Machinery ({ACM})},
  doi = {10.1145/2492007.2492020},
  link = {https://doi.org/10.1145/2492007.2492020},
  local = {porter-2013-what-works.pdf},
  note = {Resume la evidencia que muestra que la instrucción entre pares, la computación de medios y la programación en parejas pueden mejorar significativamente los resultados en los cursos de introducción a la programación.}
}

@inproceedings{Port2016,
  author = {Leo Porter and Dennis Bouvier and Quintin Cutts and Scott Grissom and Cynthia Bailey Lee and Robert McCartney and Daniel Zingaro and Beth Simon},
  title = {A Multi-Institutional Study of Peer Instruction in Introductory Computing},
  booktitle = {2016 Technical Symposium on Computer Science Education ({SIGCSE'16})},
  year = {2016},
  publisher = {Association for Computing Machinery ({ACM})},
  doi = {10.1145/2839509.2844642},
  link = {https://doi.org/10.1145/2839509.2844642},
  local = {porter-2016-multi-institutional-peer-instruction.pdf},
  note = {Informa que los/las estudiantes de las clases de introducción a la programación valoran la instrucción entre compañeros/as y que mejora los resultados del aprendizaje.}
}

@comment{QQQ}

@article{Qian2017,
  author = {Yizhou Qian and James Lehman},
  title = {Students' Misconceptions and Other Difficulties in Introductory Programming},
  journal = {{ACM} Transactions on Computing Education},
  volume = {18},
  number = {1},
  pages = {1--24},
  year = {2017},
  month = {10},
  publisher = {Association for Computing Machinery ({ACM})},
  doi = {10.1145/3077618},
  link = {https://doi.org/10.1145/3077618},
  local = {qian-2017-misconceptions-review.pdf},
  note = {Resume la investigación sobre los conceptos erróneos de los/las estudiantes sobre la informática.}
}

@comment{RRR}

@inproceedings{Rago2017,
  author = {Noa Ragonis and Ronit Shmallo},
  title = {On the (Mis)understanding of the this Reference},
  booktitle = {2017 Technical Symposium on Computer Science Education ({SIGCSE'17})},
  year = {2017},
  publisher = {Association for Computing Machinery ({ACM})},
  doi = {10.1145/3017680.3017715},
  link = {https://doi.org/10.1145/3017680.3017715},
  local = {ragonis-2017-this.pdf},
  note = {Informa que la mayoría de los/las estudiantes no entienden cuándo usar this, y que los/las docentes tampoco suelen ser claros/as sobre el tema.}
}

@inproceedings{Raj2018,
  author = {Adalbert Gerald Soosai Raj and Jignesh M. Patel and Richard Halverson and Erica Rosenfeld Halverson},
  title = {Role of Live-Coding in Learning Introductory Programming},
  booktitle = {2018 Koli Calling International Conference on Computing Education Research ({Koli'18})},
  year = {2018},
  link = {https://doi.org/10.1145/3279720.3279725},
  doi = {10.1145/3279720.3279725},
  local = {raj-2018-live-coding.pdf},
  note = {Un análisis teórico fundamentado de la programación en vivo que incluye referencias a trabajos anteriores.}
}

@article{Rams2019,
  author = {G. Ramsay and A. B. Haynes and S. R. Lipsitz and I. Solsky and J. Leitch and A. A. Gawande and M. Kumar},
  title = {Reducing surgical mortality in Scotland by use of the {WHO} Surgical Safety Checklist},
  journal = {{BJS}},
  publisher = {Wiley},
  month = {4},
  year  = {2019},
  doi = {10.1002/bjs.11151},
  note = {Descubrió que la introducción de listas de verificación quirúrgica en los hospitales escoceses redujo significativamente las tasas de mortalidad.}
}

@article{Raws2014,
  author = {Katherine A. Rawson and Ruthann C. Thomas and Larry L. Jacoby},
  title = {The Power of Examples: Illustrative Examples Enhance Conceptual Learning of Declarative Concepts},
  journal = {Educational Psychology Review},
  volume = {27},
  number = {3},
  pages = {483--504},
  year = {2014},
  month = {6},
  publisher = {Springer Nature},
  doi = {10.1007/s10648-014-9273-3},
  link = {https://doi.org/10.1007/s10648-014-9273-3},
  local = {rawson-2014-power-examples.pdf},
  note = {Informa que la presentación de ejemplos ayuda a los/las estudiantes a comprender las definiciones, siempre que los ejemplos y las definiciones estén intercalados.}
}

@book{Ray2014,
  author = {Eric J. Ray and Deborah S. Ray},
  title = {Unix and Linux: Visual QuickStart Guide},
  edition = {Fifth},
  year = {2014},
  publisher = {Peachpit Press},
  isbn = {0321997549},
  link = {https://isbndb.com/book/0321997549},
  note = {Una introducción a Unix que es tanto un buen tutorial como una buena guía de referencia.}
}

@book{Rice2018,
  author = {Gail Taylor Rice},
  title = {Hitting Pause: 65 Lecture Breaks to Refresh and Reinforce Learning},
  year = {2018},
  publisher = {Stylus Publishing},
  isbn = {9781620366530},
  link = {https://isbndb.com/book/9781620366530},
  note = {Justifica y cataloga formas de hacer una pausa en clase para ayudar al aprendizaje.}
}

@inproceedings{Rich2017,
  author = {Kathryn M. Rich and Carla Strickland and T. Andrew Binkowski and Cheryl Moran and Diana Franklin},
  title = {K-8 learning Trajectories Derived from Research Literature},
  booktitle = {2017 International Computing Education Research Conference ({ICER'17})},
  year = {2017},
  publisher = {Association for Computing Machinery ({ACM})},
  doi = {10.1145/3105726.3106166},
  link = {https://doi.org/10.1145/3105726.3106166},
  local = {rich-2017-learning-trajectories.pdf},
  note = {Presenta trayectorias de aprendizaje para las clases de computación K-8 para secuencia, repetición y condiciones extraídas de la literatura.}
}

@inproceedings{Ritz2018,
  author = {Anna Ritz},
  title = {Programming the Central Dogma: An Integrated Unit on Computer Science and Molecular Biology Concepts},
  booktitle = {2018 Technical Symposium on Computer Science Education ({SIGCSE'18})},
  year = {2018},
  publisher = {Association for Computing Machinery ({ACM})},
  doi = {10.1145/3159450.3159590},
  link = {https://doi.org/10.1145/3159450.3159590},
  local = {ritz-2018-central-dogma.pdf},
  note = {Describe un curso de introducción a la computación para biólogos/as cuyos problemas se extraen de los procesos de ADN a proteína en las células.}
}

@misc{Robe2017,
  author = {Eric Roberts},
  title = {Assessing and Responding to the Growth of Computer Science Undergraduate Enrollments: Annotated Findings},
  year = {2017},
  howpublished = {\url{http://cs.stanford.edu/people/eroberts/ResourcesForTheCSCapacityCrisis/files/AnnotatedFindings.pptx}},
  note = {Resume los hallazgos de un estudio de las Academias Nacionales sobre las inscripciones en informática.}
}

@misc{Robi2005,
  author = {Evan Robinson},
  title = {Why Crunch Mode Doesn't Work: 6 Lessons},
  year = {2005},
  publisher = {International Game Developers Association ({IGDA})},
  howpublished = {\url{http://www.igda.org/articles/erobinson_crunch.php}},
  note = {Resume la investigación sobre los efectos del exceso de trabajo y la falta de sueño.}
}

@book{Roge2018,
  author = {Steven G. Rogelberg},
  title = {The Surprising Science of Meetings},
  publisher = {Oxford University Press},
  year = {2018},
  isbn = {978-0190689216},
  note = {Un breve resumen de la investigación sobre reuniones efectivas.}
}

@article{Rohr2015,
  author = {Doug Rohrer and Robert F. Dedrick and Sandra Stershic},
  title = {Interleaved Practice Improves Mathematics Learning},
  journal = {Journal of Educational Psychology},
  volume = {107},
  number = {3},
  pages = {900--908},
  year = {2015},
  publisher = {American Psychological Association ({APA})},
  doi = {10.1037/edu0000001},
  link = {https://doi.org/10.1037/edu0000001},
  local = {rohrer-2015-interleaved-practice.pdf},
  note = {Informa que la práctica intercalada es más eficaz que la práctica monótona durante el aprendizaje.}
}

@inproceedings{Rubi2013,
  author = {Marc J. Rubin},
  title = {The Effectiveness of Live-coding to Teach Introductory Programming},
  booktitle = {2013 Technical Symposium on Computer Science Education ({SIGCSE'13})},
  pages = {651--656},
  year = {2013},
  publisher = {Association for Computing Machinery ({ACM})},
  doi = {10.1145/2445196.2445388},
  link = {http://doi.acm.org/10.1145/2445196.2445388},
  local = {rubin-2013-live-coding.pdf},
  note = {Reporta que la programación en vivo es tan buena o mejor que usar ejemplos de código estático.}
}

@article{Rubi2014,
  author = {Manuel Rubio-Sánchez and Päivi Kinnunen and Cristóbal Pareja-Flores and J. Ángel Velázquez-Iturbide},
  title = {Student Perception and Usage of an Automated Programming Assessment Tool},
  journal = {Computers in Human Behavior},
  volume = {31},
  pages = {453--460},
  year = {2014},
  month = {2},
  publisher = {Elsevier},
  doi = {10.1016/j.chb.2013.04.001},
  link = {https://doi.org/10.1016/j.chb.2013.04.001},
  local = {rubiosanchez-2014-autograding-perceptions.pdf},
  note = {Describe el uso de autoevaluación para las tareas de los/las estudiantes.}
}

@comment{SSS}

@book{Sahl2015,
  author = {Pasi Sahlberg},
  title = {Finnish Lessons 2.0: What Can the World Learn from Educational Change in Finland?},
  publisher = {Teachers College Press},
  year = {2015},
  isbn = {978-0807755853},
  note = {Una mirada franca al éxito del sistema educativo de Finlandia y por qué otros países no pueden replicarlo.}
}

@article{Saja2006,
  author = {Jorma Sajaniemi and Mordechai Ben-Ari and Pauli Byckling and Petri Gerdt and Yevgeniya Kulikova},
  title = {Roles of Variables in Three Programming Paradigms},
  journal = {Computer Science Education},
  volume = {16},
  number = {4},
  pages = {261--279},
  year = {2006},
  month = {12},
  publisher = {Informa {UK} Limited},
  doi = {10.1080/08993400600874584},
  link = {https://doi.org/10.1080/08993400600874584},
  local = {sajaniemi-2006-roles-three-paradigms.pdf},
  note = {Una mirada detallada al trabajo de los autores sobre los roles de las variables.}
}

@article{Sala2017,
  author = {Giovanni Sala and Fernand Gobet},
  title = {Does Far Transfer Exist? {Negative} Evidence From Chess, Music, and Working Memory Training},
  journal = {Current Directions in Psychological Science},
  volume = {26},
  number = {6},
  pages = {515--520},
  year = {2017},
  month = {10},
  publisher = {{SAGE} Publications},
  doi = {10.1177/0963721417712760},
  link = {https://doi.org/10.1177/0963721417712760},
  local = {sala-2017-far-transfer.pdf},
  note = {Un metaanálisis que muestra que la transferencia lejana rara vez ocurre.}
}

@inproceedings{Sand2013,
  author = {Kate Sanders and Jaime Spacco and Marzieh Ahmadzadeh and Tony Clear and Stephen H. Edwards and Mikey Goldweber and Chris Johnson and Raymond Lister and Robert McCartney and Elizabeth Patitsas},
  title = {The {Canterbury} {QuestionBank}: Building a Repository of Multiple-Choice {CS1} and {CS2} Questions},
  booktitle = {2013 Conference on Innovation and Technology in Computer Science Education ({ITiCSE'13})},
  year = {2013},
  publisher = {Association for Computing Machinery ({ACM})},
  doi = {10.1145/2543882.2543885},
  link = {https://doi.org/10.1145/2543882.2543885},
  local = {sanders-2013-question-bank.pdf},
  note = {Describe el desarrollo de un banco de preguntas compartido para la introducción a la informática y patrones para las preguntas de opción múltiple que surgieron de las entradas.}
}

@article{Scan1989,
  author = {David A. Scanlan},
  title = {Structured Flowcharts Outperform Pseudocode: An Experimental Comparison},
  journal = {{IEEE} Software},
  volume = {6},
  number = {5},
  pages = {28--36},
  year = {1989},
  month = {9},
  publisher = {Institute of Electrical and Electronics Engineers ({IEEE})},
  doi = {10.1109/52.35587},
  link = {https://doi.org/10.1109/52.35587},
  local = {scanlan-1989-flowcharts.pdf},
  note = {Informa que los/las estudiantes comprenden los diagramas de flujo mejor que el pseudocódigo si ambos están igualmente bien estructurados.}
}

@book{Scho1984,
  author = {Donald A. Schön},
  title = {The Reflective Practitioner: How Professionals Think In Action},
  year = {1984},
  publisher = {Basic Books},
  isbn = {0465068782},
  link = {https://isbndb.com/book/0465068782},
  note = {Una mirada innovadora a cómo profesionales en diferentes campos realmente resuelven problemas.}
}

@book{Schw2013,
  author = {Viviane Schwarz},
  title = {Welcome to Your Awesome Robot},
  publisher = {Flying Eye Books},
  year = {2013},
  isbn = {978-1909263000},
  link = {https://flyingeyebooks.com/shop/welcome-to-your-awesome-robot/},
  note = {Una maravillosa guía ilustrada para construir trajes de robot de cartón portátiles. No solo para niños/as.}
}

@book{Scot1987,
  author = {James C. Scott},
  title = {Weapons of the Weak: Everyday Forms of Peasant Resistance},
  year = {1987},
  publisher = {Yale University Press},
  isbn = {978-0300036411},
  link = {https://yalebooks.yale.edu/book/9780300036411/weapons-weak},
  note = {Describe las técnicas de evasión y resistencia que utilizan las personas débiles para resistir a las personas fuertes.}
}

@book{Scot1998,
  author = {James C. Scott},
  title = {Seeing Like a State: How Certain Schemes to Improve the Human Condition Have Failed},
  year = {1998},
  publisher = {Yale University Press},
  isbn = {0300078153},
  link = {https://isbndb.com/book/0300078153},
  note = {Sostiene que las grandes organizaciones siempre prefieren la uniformidad a la productividad.}
}

@book{Sent2018,
  editor = {Sue Sentance and Erik Barendsen and Carsten Schulte},
  title = {Computer Science Education: Perspectives on Teaching and Learning in School},
  year = {2018},
  publisher = {Bloomsbury Press},
  isbn = {135005710X},
  link = {https://isbndb.com/book/135005710X},
  note = {Una colección de artículos de relevamientos académicos sobre la enseñanza de la informática.}
}

@inproceedings{Sent2019,
  author = {Sue Sentance and Jane Waite and Maria Kallia},
  title = {Teachers' Experiences of using {PRIMM} to Teach Programming in School},
  booktitle = {2019 Technical Symposium on Computer Science Education ({SIGCSE'19})},
  year = {2019},
  publisher = {{ACM} Press},
  doi = {10.1145/3287324.3287477},
  note = {Describe el patrón de lecciones PRIMM y su efectividad.}
}

@inproceedings{Sepp2015,
  author = {Otto Seppälä and Petri Ihantola and Essi Isohanni and Juha Sorva and Arto Vihavainen},
  title = {Do We Know How Difficult the {Rainfall Problem} Is?},
  booktitle = {2015 Koli Calling Conference on Computing Education Research ({Koli'15})},
  year = {2015},
  publisher = {{ACM} Press},
  doi = {10.1145/2828959.2828963},
  link = {https://doi.org/10.1145/2828959.2828963},
  local = {seppala-2015-rainfall.pdf},
  note = {Un metaestudio del problema de la lluvia.}
}

@article{Shap2007,
  author = {Jenessa R. Shapiro and Steven L. Neuberg},
  title = {From Stereotype Threat to Stereotype Threats: Implications of a Multi-Threat Framework for Causes,  Moderators,  Mediators,  Consequences,  and Interventions},
  journal = {Personality and Social Psychology Review},
  volume = {11},
  number = {2},
  pages = {107--130},
  year = {2007},
  month = {5},
  publisher = {{SAGE} Publications},
  doi = {10.1177/1088868306294790},
  link = {https://doi.org/10.1177/1088868306294790},
  local = {shapiro-2007-stereotype-threat.pdf},
  note = {Explora las formas en que se ha utilizado el término ``amenaza estereotipada''.}
}

@inproceedings{Shel2017,
  author = {Duane F. Shell and Leen-Kiat Soh and Abraham E. Flanigan and Markeya S. Peteranetz and Elizabeth Ingraham},
  title = {Improving Students' Learning and Achievement in {CS} Classrooms Through Computational Creativity Exercises that Integrate Computational and Creative Thinking},
  booktitle = {2017 Technical Symposium on Computer Science Education ({SIGCSE'17})},
  year = {2017},
  publisher = {Association for Computing Machinery ({ACM})},
  doi = {10.1145/3017680.3017718},
  link = {https://doi.org/10.1145/3017680.3017718},
  local = {shell-2017-computational-creativity-exercises.pdf},
  note = {Informa que hacer que los/las estudiantes trabajen en grupos pequeños en ejercicios de creatividad computacional mejora los resultados del aprendizaje.}
}

@misc{Shol2019,
  author = {Dan Sholler and Igor Steinmacher and Denae Ford and Mara Averick and Mike Hoye and Greg Wilson},
  title = {Ten Simple Rules for Helping Newcomers Become Contributors to Open Source Projects},
  year = {2019},
  howpublished = {\url{https://github.com/gvwilson/10-newcomers/}},
  note = {Prácticas basadas en evidencia para ayudar a las personas recién llegadas a ser productivas en proyectos abiertos.}
}

@inproceedings{Simo2013,
  author = {Simon},
  title = {Soloway's {Rainfall Problem} has Become Harder},
  booktitle = {2013 Conference on Learning and Teaching in Computing and Engineering},
  year = {2013},
  month = {3},
  publisher = {Institute of Electrical and Electronics Engineers ({IEEE})},
  doi = {10.1109/latice.2013.44},
  link = {https://doi.org/10.1109/latice.2013.44},
  local = {simon-2013-rainfall.pdf},
  note = {Sostiene que el problema de la lluvia es más difícil para las personas principiantes de lo que solía ser porque no están acostumbrados a manejar el teclado, por lo que la comparación directa con los resultados anteriores puede ser injusta.}
}

@inproceedings{Sing2012,
  author = {Vandana Singh},
  title = {Newcomer integration and learning in technical support communities for open source software},
  booktitle = {2012 {ACM} International Conference on Supporting Group Work - {GROUP'12}},
  year = {2012},
  publisher = {{ACM} Press},
  doi = {10.1145/2389176.2389186},
  note = {Un estudio inicial sobre incorporación de personas a proyectos de código abierto.}
}

@inproceedings{Sirk2012,
  author = {Teemu Sirkiä and Juha Sorva},
  title = {Exploring Programming Misconceptions: An Analysis of Student Mistakes in Visual Program Simulation Exercises},
  booktitle = {2012 Koli Calling Conference on Computing Education Research ({Koli'12})},
  year = {2012},
  publisher = {Association for Computing Machinery ({ACM})},
  doi = {10.1145/2401796.2401799},
  link = {https://doi.org/10.1145/2401796.2401799},
  local = {sirkia-2012-misconceptions.pdf},
  note = {Analiza los datos del uso de una herramienta de visualización de ejecución por parte de los/las estudiantes y clasifica los errores comunes.}
}

@article{Sisk2018,
  author = {Victoria F. Sisk and Alexander P. Burgoyne and Jingze Sun and Jennifer L. Butler and Brooke N. Macnamara},
  title = {To What Extent and Under Which Circumstances Are Growth Mind-Sets Important to Academic Achievement? {Two} Meta-Analyses},
  journal = {Psychological Science},
  pages = {095679761773970},
  year = {2018},
  month = {3},
  publisher = {{SAGE} Publications},
  doi = {10.1177/0956797617739704},
  link = {https://doi.org/10.1177/0956797617739704},
  local = {sisk-2018-mindset-meta.pdf},
  note = {Reporta metanálisis de la relación entre la mentalidad y el rendimiento académico, y la efectividad de las intervenciones de la mentalidad en el rendimiento académico, y encuentra que los efectos generales son débiles para ambos, pero algunos resultados apoyan principios específicos de la teoría.}
}

@inproceedings{Skud2014,
  author = {Ben Skudder and Andrew Luxton-Reilly},
  title = {Worked Examples in Computer Science},
  booktitle = {2014 Australasian Computing Education Conference, ({ACE'14})},
  year = {2014},
  link = {http://crpit.com/abstracts/CRPITV148Skudder.html},
  local = {skudder-2014-worked-examples.pdf},
  note = {Un resumen de la investigación sobre ejemplos prácticos aplicados a la educación informática.}
}

@article{Smar2018,
  author = {Benjamin L. Smarr and Aaron E. Schirmer},
  title = {3.4 Million Real-World Learning Management System Logins Reveal the Majority of Students Experience Social Jet Lag Correlated with Decreased Performance},
  journal = {Scientific Reports},
  volume = {8},
  number = {1},
  year = {2018},
  month = {3},
  publisher = {Springer Nature},
  doi = {10.1038/s41598-018-23044-8},
  link = {https://doi.org/10.1038/s41598-018-23044-8},
  local = {smarr-2018-jet-lag.pdf},
  note = {Reporta que a los/las estudiantes que tienen que trabajar fuera de su ciclo natural de reloj biológico les va peor.}
}

@article{Smit2009,
  author = {Michelle K. Smith and William B. Wood and Wendy K. Adams and Carl E. Wieman and Jennifer K. Knight and N. Guild and T. T. Su},
  title = {Why Peer Discussion Improves Student Performance on In-class Concept Questions},
  journal = {Science},
  volume = {323},
  number = {5910},
  pages = {122--124},
  year = {2009},
  month = {1},
  publisher = {American Association for the Advancement of Science ({AAAS})},
  doi = {10.1126/science.1165919},
  link = {https://doi.org/10.1126/science.1165919},
  local = {smith-2009-peer-discussion-improves.pdf},
  note = {Informa que la comprensión de los/las estudiantes aumenta durante la discusión en la instrucción entre compañeros/as, incluso cuando ninguno de los/las estudiantes del grupo sabe inicialmente la respuesta correcta.}
}

@article{Solo1984,
  author = {Elliot Soloway and Kate Ehrlich},
  title = {Empirical Studies of Programming Knowledge},
  journal = {{IEEE} Transactions on Software Engineering},
  volume = {{SE}-10},
  number = {5},
  pages = {595--609},
  year = {1984},
  month = {9},
  publisher = {Institute of Electrical and Electronics Engineers ({IEEE})},
  doi = {10.1109/tse.1984.5010283},
  link = {https://doi.org/10.1109/tse.1984.5010283},
  local = {soloway-1984-empirical-studies.pdf},
  note = {Propone que las personas expertas tengan planes de programación y reglas de discurso de programación.}
}

@article{Solo1986,
  author = {Elliot Soloway},
  title = {Learning to Program = Learning to Construct Mechanisms and Explanations},
  journal = {Communications of the {ACM}},
  volume = {29},
  number = {9},
  pages = {850--858},
  year = {1986},
  month = {9},
  publisher = {Association for Computing Machinery ({ACM})},
  doi = {10.1145/6592.6594},
  link = {https://doi.org/10.1145/6592.6594},
  local = {soloway-1986-plans.pdf},
  note = {Analiza la programación en términos de elegir metas apropiadas y construir planes para lograrlas, e introduce el problema de la lluvia.}
}

@article{Sond2012,
  author = {Harald Søndergaard and Raoul A. Mulder},
  title = {Collaborative Learning Through Formative Peer Review: Pedagogy, Programs and Potential},
  journal = {Computer Science Education},
  volume = {22},
  number = {4},
  pages = {343--367},
  year = {2012},
  month = {12},
  publisher = {Informa {UK} Limited},
  doi = {10.1080/08993408.2012.728041},
  link = {https://doi.org/10.1080/08993408.2012.728041},
  local = {sondergaard-2012-formative-peer-review.pdf},
  note = {Examina la literatura sobre la evaluación entre pares, distingue la calificación y la revisión como formas separadas, y resume las características que un buen sistema de revisión entre pares debe tener.}
}

@article{Sorv2013,
  author = {Juha Sorva},
  title = {Notional Machines and Introductory Programming Education},
  journal = {{ACM} Transactions on Computing Education},
  volume = {13},
  number = {2},
  pages = {1--31},
  year = {2013},
  month = {6},
  publisher = {Association for Computing Machinery ({ACM})},
  doi = {10.1145/2483710.2483713},
  link = {https://doi.org/10.1145/2483710.2483713},
  local = {sorva-2013-notional-machines.pdf},
  note = {Revisa la literatura sobre conceptos erróneos de programación y sostiene que los/las instructores/as deberían abordar las máquinas teóricas como un objetivo de aprendizaje explícito.}
}

@inproceedings{Sorv2014,
  author = {Juha Sorva and Otto Seppälä},
  title = {Research-based Design of the First Weeks of {CS1}},
  booktitle = {2014 Koli Calling Conference on Computing Education Research ({Koli'14})},
  year = {2014},
  publisher = {Association for Computing Machinery ({ACM})},
  doi = {10.1145/2674683.2674690},
  link = {https://doi.org/10.1145/2674683.2674690},
  local = {sorva-2014-research-based-cs1.pdf},
  note = {Propone tres marcos cognitivamente plausibles para el diseño de un primer curso de informática.}
}

@incollection{Sorv2018,
  author = {Juha Sorva},
  editor = {Sue Sentance and Erik Barendsen and Carsten Schulte},
  title = {Misconceptions and the Beginner Programmer},
  booktitle = {Computer Science Education: Perspectives on Teaching and Learning in School},
  year = {2018},
  publisher = {Bloomsbury Press},
  isbn = {135005710X},
  link = {https://isbndb.com/book/135005710X},
  local = {sorva-2018-misconceptions-chapter.pdf},
  note = {Resume lo que sabemos sobre lo que las personas novatas entienden mal sobre la informática.}
}

@book{Spal2014,
  author = {Dan Spalding},
  title = {How to Teach Adults: Plan Your Class, Teach Your Students, Change the World},
  year = {2014},
  publisher = {Jossey-Bass},
  isbn = {1118841360},
  link = {https://isbndb.com/book/1118841360},
  note = {Una breve guía para enseñar a personas adultas que son estudiantes free-range informada por el activismo social del autor.}
}

@article{Spoh1985,
  author = {James C. Spohrer and Elliot Soloway and Edgar Pope},
  title = {A Goal/Plan Analysis of Buggy {Pascal} Programs},
  journal = {Human-Computer Interaction},
  volume = {1},
  number = {2},
  pages = {163--207},
  year = {1985},
  month = {6},
  publisher = {Informa {UK} Limited},
  doi = {10.1207/s15327051hci0102_4},
  link = {https://doi.org/10.1207/s15327051hci0102_4},
  local = {spohrer-1985-goal-plan-buggy-pascal.pdf},
  note = {Uno de los primeros análisis cognitivamente plausibles de cómo las personas programan, que propone un modelo de meta/plan.}
}

@inproceedings{Srid2016,
  author = {Sumukh Sridhara and Brian Hou and Jeffrey Lu and John DeNero},
  title = {Fuzz Testing Projects in Massive Courses},
  booktitle = {2016 Conference on Learning @ Scale ({L@S'16})},
  year = {2016},
  publisher = {Association for Computing Machinery ({ACM})},
  doi = {10.1145/2876034.2876050},
  link = {https://doi.org/10.1145/2876034.2876050},
  local = {sridhara-2016-fuzz-testing.pdf},
  note = {Informa que el código de los/las estudiantes de pruebas fuzz detecta errores que se pasan por alto en el conjunto de pruebas escritas a mano y explica cómo compartir pruebas y resultados de forma segura.}
}

@inproceedings{Stam2013,
  author = {Eliane Stampfer and Kenneth R. Koedinger},
  title = {When Seeing Isn't Believing: Influences of Prior Conceptions and Misconceptions},
  booktitle = {2013 Annual Meeting of the Cognitive Science Society ({CogSci'13})},
  year = {2013},
  local = {stampfer-2013-seeing-isnt-believing.pdf},
  note = {Explora por qué dar más información a los/las niños/as cuando están aprendiendo sobre fracciones puede reducir su rendimiento.}
}

@inproceedings{Stam2014,
  author = {Eliane {Stampfer Wiese} and Kenneth R. Koedinger},
  title = {Investigating Scaffolds for Sense Making in Fraction Addition and Comparison},
  booktitle = {2014 Annual Conference of the Cognitive Science Society ({CogSci'14})},
  year = {2014},
  local = {stampferwiese-2014-scaffolds-sense-making.pdf},
  note = {Analiza cómo estructurar el aprendizaje de fracciones.}
}

@article{Star2014,
  author = {Philip Stark and Richard Freishtat},
  title = {An Evaluation of Course Evaluations},
  journal = {{ScienceOpen} Research},
  year = {2014},
  month = {9},
  publisher = {ScienceOpen},
  doi = {10.14293/s2199-1006.1.sor-edu.aofrqa.v1},
  link = {https://doi.org/10.14293/s2199-1006.1.sor-edu.aofrqa.v1},
  local = {stark-2014-evaluating-evaluations.pdf},
  note = {Otra demostración más de que las evaluaciones de la enseñanza no se correlacionan con los resultados del aprendizaje y que con frecuencia son estadísticamente sospechosas.}
}

@book{Stas1998,
  editor = {John Stasko and John Domingue and Mark H. Brown and Blaine A. Price},
  title = {Software Visualization: Programming as a Multimedia Experience},
  year = {1998},
  publisher = {{MIT} Press},
  isbn = {0262193957},
  note = {Un estudio de las técnicas y los resultados de visualización de programas y algoritmos.}
}

@book{Stee2011,
  author = {Claude M. Steele},
  title = {Whistling Vivaldi: How Stereotypes Affect Us and What We Can Do},
  year = {2011},
  publisher = {W. W. Norton \& Company},
  isbn = {0393339726},
  link = {https://isbndb.com/book/0393339726},
  note = {Explica y explora las amenazas estereotipadas y las estrategias para abordarlas.}
}

@article{Stef2013,
  author = {Andreas Stefik and Susanna Siebert},
  title = {An Empirical Investigation into Programming Language Syntax},
  journal = {{ACM} Transactions on Computing Education},
  volume = {13},
  number = {4},
  pages = {1--40},
  year = {2013},
  month = {11},
  publisher = {Association for Computing Machinery ({ACM})},
  doi = {10.1145/2534973},
  link = {https://doi.org/10.1145/2534973},
  local = {stefik-2013-syntax.pdf},
  note = {Informa que los lenguajes con llaves son tan difíciles de aprender como un lenguaje con sintaxis diseñada al azar, pero otros son más fáciles.}
}

@misc{Stef2017,
  author = {Andreas Stefik and Patrick Daleiden and Diana Franklin and Stefan Hanenberg and Antti-Juhani Kaijanaho and Walter Tichy and Brett A. Becker},
  title = {Programming Languages and Learning},
  year = {2017},
  howpublished = {\url{https://quorumlanguage.com/evidence.html}},
  local = {stefik-2017-evidence-summary.pdf},
  note = {Resume lo que realmente sabemos sobre el diseño de lenguajes de programación y por qué creemos que es cierto.}
}

@inproceedings{Steg2014,
  author = {Martijn Stegeman and Erik Barendsen and Sjaak Smetsers},
  title = {Towards an Empirically Validated Model for Assessment of Code Quality},
  booktitle = {2014 Koli Calling Conference on Computing Education Research ({Koli'14})},
  year = {2014},
  publisher = {Association for Computing Machinery ({ACM})},
  doi = {10.1145/2674683.2674702},
  link = {https://doi.org/10.1145/2674683.2674702},
  local = {stegeman-2014-code-quality.pdf},
  note = {Presenta una rúbrica de calidad de código para cursos de programación para principiantes.}
}

@inproceedings{Steg2016a,
  author = {Martijn Stegeman and Erik Barendsen and Sjaak Smetsers},
  title = {Designing a Rubric for Feedback on Code Quality in Programming Courses},
  booktitle = {2016 Koli Calling Conference on Computing Education Research ({Koli'16})},
  year = {2016},
  publisher = {Association for Computing Machinery ({ACM})},
  doi = {10.1145/2999541.2999555},
  link = {https://doi.org/10.1145/2999541.2999555},
  local = {stegeman-2016-quality-rubric.pdf},
  note = {Describe varias iteraciones de una rúbrica de calidad de código para cursos de programación para principiantes.}
}

@misc{Steg2016b,
  author = {Martijn Stegeman and Erik Barendsen and Sjaak Smetsers},
  title = {Rubric for Feedback on Code Quality in Programming Courses},
  year = {2016},
  howpublished = {\url{http://stgm.nl/quality}},
  local = {stegeman-2016-rubric.pdf},
  note = {Presenta una rúbrica de calidad de código de programación para principiantes.}
}

@inproceedings{Stei2013,
  author = {Igor Steinmacher and Igor Wiese and Ana Paula Chaves and Marco Aurelio Gérosa},
  title = {Why do newcomers abandon open source software projects?},
  booktitle = {2013 International Workshop on Cooperative and Human Aspects of Software Engineering ({CHASE'13})},
  month = {5},
  year = {2013},
  publisher = {Institute of Electrical and Electronics Engineers ({IEEE})},
  doi = {10.1109/chase.2013.6614728},
  note = {Explora por qué los/las nuevos/as integrantes de proyectos de código abierto \emph{no} se quedan.}
}

@inproceedings{Stei2016,
  author = {Igor Steinmacher and Tayana Uchoa Conte and Christoph Treude and Marco Aurélio Gerosa},
  title = {Overcoming open source project entry barriers with a portal for newcomers},
  booktitle = {2016 International Conference on Software Engineering ({ICSE'16})},
  year = {2016},
  publisher = {{ACM} Press},
  doi = {10.1145/2884781.2884806},
  note = {Informa la efectividad de un portal diseñado específicamente para ayudar a las personas recién llegadas.}
}

@inproceedings{Stei2018,
  author = {Igor Steinmacher and Gustavo Pinto and Igor Scaliante Wiese and Marco Aurélio Gerosa},
  title = {Almost There: A Study on Quasi-Contributors in Open-Source Software Projects},
  booktitle = {2018 International Conference on Software Engineering ({ICSE'18})},
  publisher = {{ACM} Press},
  year = {2018},
  doi = {10.1145/3180155.3180208},
  note = {Analiza por qué los/las desarrolladores/as externos/as no logran que sus contribuciones sean aceptadas en proyectos de código abierto.}
}

@article{Stoc2018,
  author = {Jean Stockard and Timothy W. Wood and Cristy Coughlin and Caitlin Rasplica Khoury},
  title = {The Effectiveness of Direct Instruction Curricula: A Meta-analysis of a Half Century of Research},
  journal = {Review of Educational Research},
  pages = {003465431775191},
  year = {2018},
  month = {1},
  publisher = {American Educational Research Association ({AERA})},
  doi = {10.3102/0034654317751919},
  link = {https://doi.org/10.3102/0034654317751919},
  local = {stockard-2018-direct-instruction.pdf},
  note = {Un metaanálisis que encuentra un beneficio positivo significativo para la instrucción directa.}
}

@article{Sung2012,
  author = {Eunmo Sung and Richard E. Mayer},
  title = {When Graphics Improve Liking but not Learning from Online Lessons},
  journal = {Computers in Human Behavior},
  volume = {28},
  number = {5},
  pages = {1618--1625},
  year = {2012},
  month = {9},
  publisher = {Elsevier},
  doi = {10.1016/j.chb.2012.03.026},
  link = {https://doi.org/10.1016/j.chb.2012.03.026},
  local = {sung-2012-graphics-learning.pdf},
  note = {Informa que los/las estudiantes que reciben cualquier tipo de gráfico dan calificaciones de satisfacción significativamente más altas que quienes no, pero solo aquellos/as estudiantes que obtienen gráficos instructivos se desempeñan mejor que los grupos que no obtienen gráficos, gráficos atractivos o gráficos decorativos.}
}

@article{Sved2016,
  author = {Maria Svedin and Olle Bälter},
  title = {Gender Neutrality Improved Completion Rate for All},
  journal = {Computer Science Education},
  volume = {26},
  number = {2-3},
  pages = {192--207},
  year = {2016},
  month = {7},
  publisher = {Informa {UK} Limited},
  doi = {10.1080/08993408.2016.1231469},
  link = {https://doi.org/10.1080/08993408.2016.1231469},
  local = {svedin-2016-gender-neutrality-completion-rates.pdf},
  note = {Informa que rediseñar un curso en línea para que sea neutral en cuanto al género mejora la probabilidad de finalización en general, pero la disminuye para los/las estudiantes con un enfoque superficial del aprendizaje.}
}

@comment{TTT}

@article{Tedr2008,
  author = {Matti Tedre and Erkki Sutinen},
  title = {Three Traditions of Computing: What Educators Should Know},
  journal = {Computer Science Education},
  volume = {18},
  number = {3},
  pages = {153--170},
  year = {2008},
  month = {9},
  publisher = {Informa {UK} Limited},
  doi = {10.1080/08993400802332332},
  link = {https://doi.org/10.1080/08993400802332332},
  local = {tedre-2008-computing-traditions.pdf},
  note = {Resume la historia y puntos de vista de tres tradiciones en informática: matemática, científica e ingeniería.}
}

@inproceedings{Tew2011,
  author = {Allison Elliott Tew and Mark Guzdial},
  title = {The {FCS1}: A Language Independent Assessment of {CS1} Knowledge},
  booktitle = {2011 Technical Symposium on Computer Science Education ({SIGCSE'11})},
  year = {2011},
  publisher = {Association for Computing Machinery ({ACM})},
  doi = {10.1145/1953163.1953200},
  link = {https://doi.org/10.1145/1953163.1953200},
  local = {tew-2011-fcs1.pdf},
  note = {Describe el desarrollo y la validación de un instrumento de evaluación independiente del lenguaje para el conocimiento de CS1.}
}

@inproceedings{Thay2017,
  author = {Kyle Thayer and Amy J. Ko},
  title = {Barriers Faced by Coding Bootcamp Students},
  booktitle = {2017 International Computing Education Research Conference ({ICER'17})},
  year = {2017},
  publisher = {Association for Computing Machinery ({ACM})},
  doi = {10.1145/3105726.3106176},
  link = {https://doi.org/10.1145/3105726.3106176},
  local = {thayer-2017-bootcamps.pdf},
  note = {Los informes indican que los campamentos de entrenamiento en programación a veces son útiles, pero la calidad es variada y persisten barreras formales e informales al empleo.}
}

@comment{UUU}

@misc{Ubel2017,
  author = {Robert Ubell},
  title = {How the Pioneers of the {MOOC} got It Wrong},
  year = {2017},
  howpublished = {\url{http://spectrum.ieee.org/tech-talk/at-work/education/how-the-pioneers-of-the-mooc-got-it-wrong}},
  note = {Una breve exploración de por qué los cursos abiertos masivos en línea (MOOCs) no han estado a la altura de las expectativas iniciales.}
}

@article{Urba2014,
  author = {David R. Urbach and Anand Govindarajan and Refik Saskin and Andrew S. Wilton and Nancy N. Baxter},
  title = {Introduction of Surgical Safety Checklists in Ontario, Canada},
  journal = {New England Journal of Medicine},
  volume = {370},
  number = {11},
  pages = {1029--1038},
  year = {2014},
  month = {3},
  publisher = {New England Journal of Medicine},
  doi = {10.1056/nejmsa1308261},
  link = {https://doi.org/10.1056/nejmsa1308261},
  local = {urbach-2014-checklists.pdf},
  note = {Informa un estudio que muestra que la introducción de listas de verificación quirúrgica no tuvo un efecto significativo sobre los resultados quirúrgicos.}
}

@inproceedings{Utti2013,
  author = {Ian Utting and Juha Sorva and Tadeusz Wilusz and Allison Elliott Tew and Michael McCracken and Lynda Thomas and Dennis Bouvier and Roger Frye and James Paterson and Michael E. Caspersen and Yifat Ben-David Kolikant},
  title = {A Fresh Look at Novice Programmers' Performance and Their Teachers' Expectations},
  booktitle = {2013 Conference on Innovation and Technology in Computer Science Education ({ITiCSE'13})},
  year = {2013},
  publisher = {{ACM} Press},
  doi = {10.1145/2543882.2543884},
  link = {https://doi.org/10.1145/2543882.2543884},
  local = {utting-2013-fresh-look.pdf},
  note = {Replica un estudio anterior que muestra lo poco que aprenden los/las estudiantes en su primer curso de programación.}
}

@article{Uttl2017,
  author = {Bob Uttl and Carmela A. White and Daniela Wong Gonzalez},
  title = {Meta-analysis of Faculty's Teaching Effectiveness: Student Evaluation of Teaching Ratings and Student Learning are not Related},
  journal = {Studies in Educational Evaluation},
  volume = {54},
  pages = {22--42},
  year = {2017},
  month = {9},
  publisher = {Elsevier},
  doi = {10.1016/j.stueduc.2016.08.007},
  link = {https://doi.org/10.1016/j.stueduc.2016.08.007},
  local = {uttl-2016-evaluations.pdf},
  note = {Resume los estudios que muestran que la forma en que los/las estudiantes califican un curso y cuánto realmente aprenden no están relacionados.}
}

@comment{VVV}

@article{Varm2015,
  author = {Roli Varma and Deepak Kapur},
  title = {Decoding Femininity in Computer Science in India},
  journal = {Communications of the {ACM}},
  volume = {58},
  number = {5},
  pages = {56--62},
  year = {2015},
  month = {4},
  publisher = {Association for Computing Machinery ({ACM})},
  doi = {10.1145/2663339},
  link = {https://doi.org/10.1145/2663339},
  local = {varma-2015-women.pdf},
  note = {Informa sobre la participación femenina en informática en India.}
}

@inproceedings{Vell2017,
  author = {Mickey Vellukunnel and Philip Buffum and Kristy Elizabeth Boyer and Jeffrey Forbes and Sarah Heckman and Ketan Mayer-Patel},
  title = {Deconstructing the Discussion Forum: Student Questions and Computer Science Learning},
  booktitle = {2017 Technical Symposium on Computer Science Education ({SIGCSE'17})},
  year = {2017},
  publisher = {Association for Computing Machinery ({ACM})},
  doi = {10.1145/3017680.3017745},
  link = {https://doi.org/10.1145/3017680.3017745},
  local = {vellukunnel-2017-discussion-forums.pdf},
  note = {Encontró que los/las estudiantes hacen principalmente preguntas constructivistas y logísticas en foros, y que las primeras se correlacionan con las calificaciones.}
}

@inproceedings{Viha2014,
  author = {Arto Vihavainen and Jonne Airaksinen and Christopher Watson},
  title = {A Systematic Review of Approaches for Teaching Introductory Programming and Their Influence on Success},
  booktitle = {2014 International Computing Education Research Conference ({ICER'14})},
  year = {2014},
  publisher = {Association for Computing Machinery ({ACM})},
  doi = {10.1145/2632320.2632349},
  link = {https://doi.org/10.1145/2632320.2632349},
  local = {vihaivanen-2014-intro-programming-survey.pdf},
  note = {Consolida los estudios de los cambios de enseñanza de nivel CS1 y encuentra que la computación de medios es la más efectiva, mientras que la introducción de un tema de juego es la menos efectiva.}
}

@comment{WWW}

@inproceedings{Wall2009,
  author = {Thorbjorn Walle and Jo Erskine Hannay},
  title = {Personality and the Nature of Collaboration in Pair Programming},
  booktitle = {2009 International Symposium on Empirical Software Engineering and Measurement ({ESER'09})},
  year = {2009},
  month = {10},
  publisher = {Institute of Electrical and Electronics Engineers ({IEEE})},
  doi = {10.1109/esem.2009.5315996},
  link = {https://doi.org/10.1109/esem.2009.5315996},
  local = {walle-2009-pair-programming.pdf},
  note = {Reporta que la comunicación es más intensa entre compañeros/as con diferentes niveles de un rasgo de personalidad dado.}
}

@inproceedings{Wang2018,
  author = {April Y. Wang and Ryan Mitts and Philip J. Guo and Parmit K. Chilana},
  title = {Mismatch of Expectations: How Modern Learning Resources Fail Conversational Programmers},
  booktitle = {2018 Conference on Human Factors in Computing Systems ({CHI'18})},
  year = {2018},
  publisher = {Association for Computing Machinery ({ACM})},
  doi = {10.1145/3173574.3174085},
  link = {https://doi.org/10.1145/3173574.3174085},
  local = {wang-2018-conversational-programmers.pdf},
  note = {Informa que los recursos de aprendizaje realmente no ayudan a los/las programadores/as conversacionales (aquellos/as que aprenden a codificar para participar en discusiones técnicas).}
}

@book{Ward2015,
  author = {James Ward},
  title = {Adventures in Stationery: A Journey Through Your Pencil Case},
  year = {2015},
  publisher = {Profile Books},
  isbn = {1846686164},
  note = {Una mirada maravillosa a los artículos cotidianos que estarían en el cajón de su escritorio si alguien no se hubiera marchado con ellos.}
}

@inproceedings{Wats2014,
  author = {Christopher Watson and Frederick W. B. Li},
  title = {Failure Rates in Introductory Programming Revisited},
  booktitle = {2014 Conference on Innovation and Technology in Computer Science Education ({ITiCSE'14})},
  year = {2014},
  publisher = {Association for Computing Machinery ({ACM})},
  doi = {10.1145/2591708.2591749},
  link = {https://doi.org/10.1145/2591708.2591749},
  local = {watson-2014-failure-rates.pdf},
  note = {Una versión más amplia de un estudio inicial que encontró que en promedio un tercio de los/las estudiantes reprobó CS1.}
}

@book{Watt2014,
  author = {Audrey Watters},
  title = {The Monsters of Education Technology},
  year = {2014},
  publisher = {CreateSpace},
  isbn = {1505225051},
  link = {https://isbndb.com/book/1505225051},
  note = {Una colección de ensayos sobre la historia de la tecnología educativa y las exageradas afirmaciones que se hacen repetidamente a su favor.}
}

@article{Wein2018a,
  author = {Yana Weinstein and Christopher R. Madan and Megan A. Sumeracki},
  title = {Teaching the Science of Learning},
  journal = {Cognitive Research: Principles and Implications},
  volume = {3},
  number = {1},
  year = {2018},
  month = {1},
  publisher = {Springer Nature},
  doi = {10.1186/s41235-017-0087-y},
  link = {https://doi.org/10.1186/s41235-017-0087-y},
  local = {weinstein-2018-teaching-learning.pdf},
  note = {Una revisión tutorial de seis prácticas de aprendizaje basadas en evidencia.}
}

@book{Wein2018b,
  author = {Yana Weinstein and Megan Sumeracki and Oliver Caviglioli},
  title = {Understanding How We Learn: A Visual Guide},
  publisher = {Routledge},
  year = {2018},
  isbn = {978-1138561724},
  note = {Un breve resumen gráfico de estrategias de aprendizaje eficaces.}
}

@article{Wein2017,
  author = {David Weintrop and Uri Wilensky},
  title = {Comparing Block-Based and Text-Based Programming in High School Computer Science Classrooms},
  journal = {{ACM} Transactions on Computing Education},
  volume = {18},
  number = {1},
  pages = {1--25},
  year = {2017},
  month = {10},
  publisher = {Association for Computing Machinery ({ACM})},
  doi = {10.1145/3089799},
  link = {https://doi.org/10.1145/3089799},
  local = {weintrop-2017-comparing-blocks.pdf},
  note = {Informa que los/las estudiantes aprenden más rápido y mejor con bloques que con texto.}
}

@misc{Weng2015,
  author = {Etienne Wenger-Trayner and Beverly Wenger-Trayner},
  title = {Communities of Practice: A Brief Introduction},
  year = {2015},
  howpublished = {\url{http://wenger-trayner.com/intro-to-cops/}},
  local = {wengertrayner-2015-communities-practice.pdf},
  note = {Un breve resumen de lo que son y no son las comunidades de práctica.}
}

@book{Wibu2016,
  editor = {Karin Wiburg and Julia Parra and Gaspard Mucundanyi and Jennifer Green and Nate Shaver},
  title = {The Little Book of Learning Theories},
  edition = {Second},
  year = {2016},
  publisher = {CreateSpace},
  isbn = {1537091808},
  link = {https://isbndb.com/book/1537091808},
  note = {Presenta breves resúmenes de varias teorías del aprendizaje.}
}

@book{Wigg2005,
  author = {Grant Wiggins and Jay McTighe},
  title = {Understanding by Design},
  year = {2005},
  publisher = {Association for Supervision \& Curriculum Development ({ASCD})},
  isbn = {1416600353},
  link = {https://isbndb.com/book/1416600353},
  note = {Una presentación extensa del diseño instruccional de atrás para adelante.}
}

@inproceedings{Wilc2018,
  author = {Chris Wilcox and Albert Lionelle},
  title = {Quantifying the Benefits of Prior Programming Experience in an Introductory Computer Science Course},
  booktitle = {2018 Technical Symposium on Computer Science Education ({SIGCSE'18})},
  year = {2018},
  publisher = {Association for Computing Machinery ({ACM})},
  doi = {10.1145/3159450.3159480},
  link = {https://doi.org/10.1145/3159450.3159480},
  local = {wilcox-2018-prior-experience-benefits.pdf},
  note = {Informa que los/las estudiantes con experiencia previa superan a los/las estudiantes sin CS1, pero no hay una diferencia significativa en el desempeño al final de CS2; también encuentra que las estudiantes mujeres con exposición previa superan a sus compañeros varones en todas las áreas, pero tienen menos confianza en sus habilidades.}
}

@misc{Wile2002,
  author = {David Wiley},
  title = {The Reusability Paradox},
  howpublished = {\url{http://opencontent.org/docs/paradox.html}},
  year = {2002},
  note = {Resume la tensión entre que los objetos de aprendizaje sean efectivos y reutilizables.}
}

@book{Wilk2011,
  author = {Richard Wilkinson and Kate Pickett},
  title = {The Spirit Level: Why Greater Equality Makes Societies Stronger},
  year = {2011},
  publisher = {Bloomsbury Press},
  isbn = {1608193411},
  link = {https://isbndb.com/book/1608193411},
  note = {Presenta evidencia de que la desigualdad perjudica a todos/as, tanto económicamente como de otro modo.}
}

@book{Will2010,
  author = {Daniel T. Willingham},
  title = {Why Don't Students Like School?: A Cognitive Scientist Answers Questions about How the Mind Works and What It Means for the Classroom},
  year = {2010},
  publisher = {Jossey-Bass},
  isbn = {047059196X},
  link = {https://isbndb.com/book/047059196X},
  note = {Un científico cognitivo observa cómo funciona la mente en el aula.}
}

@article{Wils2007,
  author = {Karen Wilson and James H. Korn},
  title = {Attention During Lectures: Beyond Ten Minutes},
  journal = {Teaching of Psychology},
  volume = {34},
  number = {2},
  pages = {85--89},
  year = {2007},
  month = {6},
  publisher = {Informa {UK} Limited},
  doi = {10.1080/00986280701291291},
  link = {https://doi.org/10.1080/00986280701291291},
  local = {wilson-2007-attention.pdf},
  note = {Encuentra poca evidencia que apoye la afirmación de que los/las estudiantes solo tienen un período de atención de 10 a 15 minutos (aunque hay mucha variación individual).}
}

@article{Wils2016,
  author = {Greg Wilson},
  title = {{Software Carpentry}: Lessons Learned},
  journal = {F1000Research},
  year = {2016},
  month = {1},
  publisher = {F1000 Research},
  doi = {10.12688/f1000research.3-62.v2},
  link = {https://doi.org/10.12688/f1000research.3-62.v2},
  local = {wilson-2016-lessons-learned.pdf},
  note = {Historia y análisis de Software Carpentry.}
}

@book{Wlod2017,
  author = {Raymond J. Wlodkowski and Margery B. Ginsberg},
  title = {Enhancing Adult Motivation to Learn: A Comprehensive Guide for Teaching All Adults},
  year = {2017},
  publisher = {Jossey-Bass},
  isbn = {1119077990},
  link = {https://isbndb.com/book/1119077990},
  note = {La referencia estándar para comprender la motivación de las personas adultas.}
}

@comment{XXX}

@article{Xie2019,
  author = {Benjamin Xie and Dastyni Loksa and Greg L. Nelson and Matthew J. Davidson and Dongsheng Dong and Harrison Kwik and Alex Hui Tan and Leanne Hwa and Min Li and Amy J. Ko},
  title = {A theory of instruction for introductory programming skills},
  journal = {Computer Science Education},
  doi = {10.1080/08993408.2019.1565235},
  year = {2019},
  month = {1},
  volume = {29},
  number = {2-3},
  pages = {205--253},
  publisher = {Informa {UK} Limited},
  note = {Presenta una teoría de cuatro partes para enseñar a pesonas novatas basada en lectura versus escritura y código versus plantillas.}
}

@comment{YYY}

@article{Yada2016,
  author = {Aman Yadav and Sarah Gretter and Susanne Hambrusch and Phil Sands},
  title = {Expanding Computer Science Education in Schools: Understanding Teacher Experiences and Challenges},
  journal = {Computer Science Education},
  volume = {26},
  number = {4},
  pages = {235--254},
  year = {2016},
  month = {12},
  publisher = {Informa {UK} Limited},
  doi = {10.1080/08993408.2016.1257418},
  link = {https://doi.org/10.1080/08993408.2016.1257418},
  local = {yadav-2016-expanding-cs-education.pdf},
  note = {Resume los comentarios de maestros/as de Jardín a 12 años sobre lo que necesitan a modo de preparación y apoyo.}
}

@article{Yang2015,
  author = {Yu-Fen Yang and Yuan-Yu Lin},
  title = {Online Collaborative Note-Taking Strategies to Foster {EFL} Beginners' Literacy Development},
  journal = {System},
  volume = {52},
  pages = {127--138},
  year = {2015},
  month = {8},
  publisher = {Elsevier},
  doi = {10.1016/j.system.2015.05.006},
  link = {https://doi.org/10.1016/j.system.2015.05.006},
  local = {yang-2015-collaborative-note-taking.pdf},
  note = {Informa que los/las estudiantes que toman notas de forma colaborativa al aprender inglés como lengua extranjera obtienen mejores resultados que los que no lo hacen.}
}
